1818 3169
132 306 160 349 60
386 317 580 346 uisnoummusnca.

133 411 207 465 Quum
221 427 274 455 vcro
290 413 312 455 in
327 413 425 470 AEgypto
442 428 485 456 non
499 414 628 456 remanserit
643 411 747 468 Rufinus,
763 411 836 469 elapso

132 499 188 526 anno
199 483 252 539 385,
266 483 326 525 illum
336 484 392 525 inter
403 490 486 540 septem
497 485 585 527 comites
595 498 639 526 non
650 483 726 537 fuisse,
737 481 836 539 proinde-

132 568 174 610 que
184 553 244 595 illum
253 553 335 595 itineris
345 555 426 596 narrati
437 560 548 597 auctorem
559 569 603 597 non
614 569 661 597 esse
673 552 787 596 fatendum
797 558 835 595 est.

132 623 240 666 Caeterum
248 623 347 680 quamvis
355 623 414 681 apud
421 629 538 681 utrumque
547 624 624 667 eadem
632 624 777 678 inveniantm,
787 628 837 665 sunt

121 700 204 736 tamen
218 693 318 751 quaedam
328 709 363 737 res
375 693 513 737 dissimilimae
524 711 529 737 z
540 710 592 738 nam
605 701 720 752 postquam
730 694 777 737 haec
789 709 837 751 quae

127 778 198 820 supra
205 765 331 821 transcripsi
337 764 429 807 absolvit
433 764 532 819 Rufinus,
541 765 556 808 J
557 780 650 807 oannem
655 764 838 821 Lycopolitanum

133 833 160 875 de
165 834 277 890 jactantiae
284 835 336 877 vitio
347 834 387 876 «de
398 836 509 891 praecipua
520 834 579 877 cordi
590 840 612 877 et
622 834 787 891 cogitationibus
801 833 837 876 ad-

131 903 229 946 hibenda
240 903 356 960 diligentia,
368 904 396 946 de
406 904 439 946 his
450 905 501 960 qui»
514 904 556 946 hoc
569 910 654 946 tantum
667 903 756 946 student
769 909 793 945 ut
806 904 837 945 vi-

133 971 199 1015 deant
209 973 304 1030 aliquem
314 979 438 1016 sanctorum
448 973 538 1015 Patrum
548 979 569 1016 et
580 974 623 1030 qui,
634 973 662 1015 ab
671 972 704 1015 his
713 972 794 1029 aliquot
801 988 837 1015 au-
884 1001 886 1003 -

133 1041 181 1084 ditis
192 1042 275 1098 verbis,
290 1044 390 1085 continuo
405 1042 505 1085 doctores
517 1042 589 1085 rideri
603 1038 692 1099 cupiunt
705 1048 837 1099 caeterosque

132 1109 243 1168 spernimt,
253 1112 394 1154 disserentem
403 1112 501 1168 exhibet3
512 1126 561 1169 <luae
570 1114 641 1155 omnia
649 1111 708 1169 apud
716 1111 839 1173 Palladium

133 1180 289 1237 desiderantia,
300 1181 336 1223 ille
348 1182 405 1224 enim
412 1188 525 1238 ‘praecepta
537 1181 685 1225 tantummodo
697 1181 803 1238 quaedam,
814 1186 839 1224 ut

132 1252 162 1293 ita
176 1250 256 1305 dicam,
271 1252 394 1294 summatim
406 1251 472 1294 tradit
485 1251 514 1293 ad
527 1266 601 1303 omnes
615 1253 743 1308 spectantia3
760 1257 839 1293 caetera

131 1336 184 1363 uero
196 1320 255 1377 apud
264 1327 380 1378 utrumque
390 1320 450 1364 haud
461 1321 590 1378 discrepant.

163 1389 209 1433 Sed
219 1390 278 1447 quod
288 1405 347 1433 nunc
358 1390 386 1432 de
396 1405 420 1433 se
429 1392 476 1448 ipso
487 1393 572 1448 scripsit
582 1392 664 1434 itineris
672 1396 771 1434 narrator
779 1390 838 1447 apud

133 1460 260 1502 Historiam
264 1462 419 1503 monachorum
424 1461 471 1503 haec
477 1461 506 1504 ad
511 1461 616 1504 Rufinum
621 1460 720 1518 spectare
725 1476 769 1504 non
774 1476 838 1518 posse

132 1546 261 1587 persuasum
275 1530 373 1573 habebis,
387 1530 402 1574 J
403 1546 439 1573 am
452 1531 511 1573 illum
524 1532 547 1573 in
560 1531 659 1589 AEgypto
675 1546 731 1574 anno
743 1530 787 1573 394
802 1531 839 1574 vel
871 1545 873 1548 ⁴

133 1599 176 1642 395
184 1600 269 1657 degisse
275 1600 427 1643 demonstravi.
436 1601 552 1657 Praeterea
558 1594 772 1656 utnotavitVallarsi,
781 1601 838 1653 «Qui
848 1624 850 1627 .

133 1670 162 1712 ad
168 1669 270 1712 eumdem
277 1677 376 1713 sanctum
383 1671 454 1713 virum
459 1670 474 1713 J
475 1685 568 1713 oannem
575 1670 758 1727 Lycopolitanum
766 1685 838 1713 acces-

133 1746 206 1783 serant
216 1746 302 1796 septem
312 1740 494 1795 numerabantm7
509 1755 600 1797 quorum
611 1755 677 1796 unus,
692 1742 775 1783 caeteris
788 1740 838 1783 ado-

131 1810 253 1866 lesccntior7
260 1817 306 1852 erat
315 1809 419 1867 dignitate
428 1810 538 1865 diaconus,
548 1811 620 1852 caetori
627 1810 682 1852 laici.
691 1810 735 1853 Hie
741 1817 762 1853 et
768 1810 839 1853 diaco-

131 1895 173 1923 nus
181 1880 308 1924 adolescens
317 1896 383 1937 quem
390 1894 436 1937 praa
444 1880 550 1923 modestia
557 1880 625 1923 latere
633 1880 743 1923 volentem
751 1886 839 1923 sanetus

132 1950 229 1993 Joanncs
243 1950 335 2006 detexit,
350 1950 378 1992 alo
393 1965 418 1992 eo
433 1951 469 2007 qui
482 1950 577 2007 loquitur
589 1951 613 1992 in
623 1949 729 1991 Historia
742 1951 795 1992 mihi
809 1950 839 1992 di-

132 2035 209 2062 versus
219 2034 264 2062 non
275 2026 306 2062 est
308 2055 399 2062 ......
410 2020 503 2062 Rufinus
514 2025 573 2062 certe
584 2034 640 2062 anno
650 2020 740 2062 Domini
750 2019 794 2062 394
803 2035 840 2062 ne-

134 2103 176 2146 quc
187 2088 314 2131 adolescens
324 2104 396 2145 neque
408 2089 511 2131 diaconus
520 2088 563 2130 dici
570 2095 661 2145 poterat,
673 2103 738 2145 quem
745 2089 839 2146 Epipha-

133 2160 181 2201 nius
192 2160 215 2201 in
225 2158 315 2215 epistola
325 2158 355 2201 ad
364 2159 379 2201 J
380 2172 473 2201 oannem
483 2158 705 2215 Hierosolymitanum
712 2159 753 2200 hoo
762 2158 839 2201 eodem

133 2243 190 2271 anno
198 2228 288 2271 Domini
296 2227 339 2270 394
347 2229 434 2285 scripta,
445 2242 489 2271 non
497 2227 535 2270 diu
542 2234 591 2285 post
598 2227 690 2283 Pascha,
699 2227 766 2270 semel
774 2234 839 2285 atque

132 2300 212 2341 iterum
221 2298 345 2355 presbyteri
356 2299 442 2340 nomine
453 2297 553 2355 appellat.
569 2297 634 2350 Quod
647 2298 677 2340 ad
690 2298 742 2340 alios
752 2299 799 2354 pios
809 2299 840 2340 vi-

133 2383 168 2410 ros
179 2370 202 2410 in
212 2367 318 2409 Historia
328 2373 457 2410 memoratos
468 2369 550 2423 attinet,
561 2368 662 2409 itinerum
670 2374 746 2410 auctor
754 2366 840 2410 duobus

134 2439 197 2480 sociis
209 2438 298 2494 stipatus
309 2438 398 2480 beatum
408 2437 563 2494 Appollonium
573 2437 601 2480 ab
613 2452 636 2479 sc
647 2439 719 2480 visum
729 2439 764 2494 ait,
776 2452 840 2480 anno-

133 2523 183 2550 rum
193 2508 240 2549 fere
251 2508 364 2563 octoginta.
378 2507 488 2550 Eumdem
499 2508 655 2564 quinquaginta
666 2508 762 2564 quinque
772 2522 840 2550 annos

134 2583 209 2619 natum
224 2576 275 2619 dicit
288 2576 374 2619 Juliano
388 2576 487 2633 Augusto
502 2579 539 2633 qui
552 2592 609 2620 anno
618 2576 708 2619 Domini
721 2575 841 2633 36110ρο-

133 2662 183 2695 rare
200 2647 265 2703 coepit
279 2647 385 2702 periitque
401 2661 457 2688 anno
473 2646 562 2689 Domini
578 2646 627 2689 363.
648 2645 722 2699 Quare
739 2647 841 2689 itinerum
