1818 3169
309 323 517 363 uisronrinnnsnon.'
733 325 760 367 69

54 449 166 492 compara,
181 432 259 476 dilecte
269 432 343 491 frater,
357 448 409 477 nam
418 431 483 476 hodie
494 432 523 477 ad
532 448 572 477 nos
582 439 607 477 ut
617 434 722 492 synaxim
732 433 762 476 fa-

54 507 136 548 ciamus
149 507 224 548 veniet
236 506 327 562 angelus
338 505 383 548 Dei
396 511 418 548 et
431 506 468 563 qui
480 505 539 549 fliam
553 505 581 548 ab
592 505 648 549 illius
660 504 762 548 manibus

53 578 133 634 accipit
143 577 171 620 ah
182 577 241 620 omni
250 582 340 634 peccato
353 576 448 620 mrmdus
459 583 498 619 est.
509 603 538 607 -
548 577 609 620 Dum
621 577 763 634 loquerentur

54 648 159 690 eximium
170 647 258 690 odorem
269 662 317 690 sum
331 647 432 690 odoratus
448 633 490 704 quo
505 649 575 705 magis
591 649 696 690 exinnum
708 663 762 690 nrm-

54 732 120 774 quam
139 710 240 760 odoratus
259 732 324 760 eram.
343 718 408 760 Trmc
426 719 561 760 stureximus
577 719 719 774 stetimusque
735 733 762 760 ac

53 787 161 843 hymnum
170 788 193 829 in
203 787 218 830 J
219 801 258 829 esu
268 786 349 829 Christi
363 788 422 843 regis
435 788 503 829 nostri
517 786 622 828 honorem
636 788 760 829 cecinimus.

53 855 141 896 Deinde
152 855 221 897 adfuit
232 856 329 910 angelus,
337 856 447 910 >cynaxim
456 869 496 910 per
507 869 585 910 corpus
600 861 621 896 et
633 857 763 911 sanguinem

54 924 68 968 J
70 938 109 967 esu
117 923 198 967 Christi
208 924 271 966 nobis
278 923 378 981 praebuit,
389 922 452 965 nobis
460 922 575 965 benedixit
582 938 609 966 ac
616 938 695 980 pacem
703 923 763 966 dedit

55 1000 77 1038 et
83 996 107 1038 in
115 995 200 1052 coehnn,
211 1009 293 1053 magna
301 1009 352 1037 cum
362 993 431 1051 gloria
442 1008 508 1051 quam
516 1008 573 1051 pone
581 994 643 1037 illum
651 993 763 1052 adspecta-

54 1067 139 1124 hamus,
151 1066 247 1111 elevatus
256 1072 294 1110 est.
306 1066 350 1110 Die
361 1065 476 1124 dominica,
486 1081 551 1110 mane
561 1081 637 1110 rursus
647 1065 707 1116 idem
719 1067 763 1110 exi-

54 1140 109 1183 mius
121 1139 174 1183 odor
184 1139 213 1183 ad
223 1154 262 1182 nos
272 1139 373 1196 pervenit
383 1154 410 1182 ac
422 1153 459 1182 cor
468 1144 576 1196 nostrum,
590 1138 651 1182 haud
662 1153 725 1182 secus
736 1154 763 1183 ac

55 1213 74 1254 si
82 1211 131 1254 coeli
137 1210 214 1254 incolae
221 1210 344 1268 fuissemus,
354 1212 454 1268 gavisum
465 1217 503 1253 est.
515 1210 578 1253 Tune
587 1211 678 1268 angelus
687 1210 762 1267 adfirit,

55 1281 118 1325 nobis
129 1283 234 1339 cynaxim
243 1281 337 1338 praebuit
347 1297 373 1324 ac
385 1296 452 1339 quum
461 1283 579 1338 rmicuique
590 1288 688 1325 nostrum
697 1282 763 1325 bene-

55 1352 152 1408 dixisset,
164 1366 238 1394 omnes
249 1351 317 1393 Arnen
327 1352 486 1408 respondimus.
497 1351 585 1394 Deinde
593 1352 623 1394 ad
630 1367 666 1394 ine
675 1368 763 1396 conver·

57 1436 108 1463 sus:
118 1421 195 1477 Singe,
206 1423 283 1477 inquit,
294 1423 316 1463 in
326 1422 450 1477 AEgyptum
460 1421 601 1477 progredere,
614 1421 716 1464 fratribus
728 1423 765 1479 qui

57 1490 132 1532 Deum
142 1490 235 1545 diligunt
244 1490 292 1531 hac
304 1505 382 1531 enarra
392 1489 483 1531 uthans
493 1490 543 1531 Deo
556 1490 690 1532 inserviendi
701 1493 764 1533 ratio-

55 1573 106 1601 nem
117 1558 254 1613 aemulentur,
263 1558 327 1600 ‘Deus
339 1559 397 1600 enim
406 1564 427 1599 te
439 1559 504 1615 elegit
513 1558 612 1615 interque
621 1566 706 1601 sanctos
715 1574 764 1601 con-

55 1630 184 1671 numeravit.
201 1628 256 1671 Mihi
265 1643 318 1671 uero
323 1663 329 1684 ,
343 1643 411 1685 quemi
421 1628 492 1671 multis
504 1643 555 1671 cum
566 1629 669 1685 precibus
680 1635 704 1672 ut
714 1644 765 1672 cum

53 1700 173 1760 juvenibus
183 1699 287 1744 manendi
297 1699 407 1744 licentiam
419 1698 525 1743 haberem
538 1701 663 1759 oravissem,
677 1716 764 1759 respon·
824 1750 826 1752 ,

56 1773 102 1816 dit:
114 1771 196 1816 Omnes
207 1772 288 1830 agendi
300 1787 362 1830 aeque
375 1772 439 1816 bonae
453 1779 503 1815 srmt
512 1774 606 1816 rationes
622 1789 649 1817 ac
658 1773 722 1817 brevi
735 1773 765 1817 ad

56 1843 135 1887 coelum
150 1844 260 1887 hominem
275 1843 408 1900 perducrmt,
424 1859 476 1886 narn
491 1845 608 1901 rmicuique
624 1845 686 1888 Deus
699 1846 764 1903 juxta

15 1970 17 1973 Α
55 1930 119 1958 suum
126 1916 230 1972 placitum
239 1915 276 1958 dat
283 1921 399 1972 praecepta.
410 1914 481 1971 Surge
489 1916 561 1972 igitur,
569 1916 592 1958 in
599 1916 708 1973 AEgytum
716 1931 764 1974 pro-

54 1985 153 2042 gredere.
162 2010 192 2015 —
199 1985 262 2027 Trmc
270 1984 324 2027 mihi
333 1984 448 2027 benedixit
458 1990 523 2041 atque
534 1987 557 2027 in
568 1986 652 2028 coelum
659 2001 710 2028 cum
720 1987 764 2043 glo-

54 2056 88 2096 ria
95 2053 200 2096 ascendit.
208 2054 289 2096 Multos
296 2054 380 2096 fructus
387 2055 505 2096 attulerunt
512 2055 669 2097 adolescentuli
676 2070 764 2112 imaque

57 2123 197 2178 comedimus,
208 2129 230 2165 et
239 2124 292 2165 mihi
303 2119 388 2165 circiter
399 2138 439 2165 sex
450 2130 487 2165 1111
495 2126 579 2179 septem
587 2125 653 2166 millia
660 2140 765 2180 passuum

56 2199 107 2234 sunt
118 2194 219 2248 comitati,
231 2192 284 2234 dum
295 2192 432 2234 decederem.
447 2192 483 2233 Ab
494 2194 520 2233 iis
532 2207 632 2249 qrieenam
642 2209 682 2235 sua
693 2200 765 2235 essent

56 2263 143 2305 nomina
158 2263 210 2318 petii
225 2268 291 2319 atque
306 2264 375 2319 primo
391 2262 510 2318 Joannem,
526 2262 622 2305 secundo
637 2262 764 2319 Andr-seam,

55 2325 117 2378 tertio
128 2331 236 2376 Raklamo
250 2339 370 2392 quartoque
380 2332 526 2392 Theophilmn
535 2348 615 2377 nomen
628 2348 676 2377 esse
690 2332 763 2377 didici.

56 2406 111 2450 Mihi
120 2407 231 2463 negotirnn
242 2406 350 2450 dederimt
360 2412 384 2449 ut
395 2422 434 2450 sua
444 2407 522 2450 fratres
533 2409 621 2450 nomina
633 2406 736 2451 docerem
744 2413 765 2450 et

56 2492 97 2535 ego
107 2492 183 2520 rursus
190 2483 217 2524 ,ut
227 2479 271 2522 mei
280 2480 419 2521 meminerint
429 2478 476 2520 illos
486 2473 569 2534 rogavi
587 2477 662 2531 Quum
671 2493 724 2521 vero
735 2480 765 2521 in-

55 2550 128 2592 uicem
140 2549 316 2605 recessissemus,
330 2563 409 2605 magno
425 2547 498 2591 dolore
512 2548 539 2591 de
553 2550 578 2590 iis
592 2562 641 2605 quae
652 2548 766 2592 audieram

56 2619 148 2661 affectus
158 2633 286 2675 progressus
297 2634 354 2673 sinn,
366 2619 460 2661 seduna
467 2633 547 2674 magno
555 2618 635 2675 gaudio
645 2614 772 2662 0011101111

56 2689 169 2745 impletum
181 2695 233 2744 erat,
244 2704 295 2731 nam
306 2689 359 2731 mihi
369 2676 392 2731 hi
402 2690 472 2731 saneti
482 2689 650 2731 benedixerant,
