1818 3169
325 297 413 324 rusroml
421 298 521 326 11111111.
750 291 777 332 71

70 389 220 431 narrabantur.
235 389 322 445 Optime
332 404 385 432 vero
396 392 481 447 concipi
491 398 562 447 potest
570 392 652 434 librum
662 392 730 452 fuisse
742 396 779 449 qui

70 458 226 501 monachorum
245 459 301 501 intra
315 459 445 516 Lycopoh'm
463 476 489 503 ac
508 460 649 518 Scytbiacam
666 463 779 518 regionem

72 529 250 572 commorantium
259 529 365 587 praeclara
372 529 472 577 ,facinora
484 529 628 575 describebat.
639 530 726 574 Eodem
735 533 779 589 qui-

71 601 122 644 dem
137 600 201 645 modo
215 606 265 645 ante
279 617 302 644 se
317 616 403 645 omnem
416 604 463 646 veri
475 604 580 647 rationem
594 595 679 661 prabet
693 604 735 647 iter
751 603 779 647 de

71 671 189 730 Scythiaca
198 674 287 730 regione
298 673 327 715 ad
337 673 485 732 Palaestinam,
502 689 569 732 quum
580 677 697 732 saepissime
708 681 739 733 et,
755 682 780 718 ut

70 745 101 787 ita
112 744 190 800 dicam,
202 744 303 801 quotidie,
316 760 375 787 mure
385 752 410 787 ut
420 745 476 801 olim,
491 747 579 803 aegyptii
589 746 691 788 monachi
700 746 778 789 fratres

70 813 229 871 palaestinianos
243 814 383 857 invisitabant
393 821 415 857 et
425 816 541 858 invisitant.
559 816 626 873 Cujus
639 817 721 858 itineris
731 832 779 859 nar-

71 886 176 926 rationem
184 885 330 940 conscriptam
335 884 402 926 fnisse
409 890 500 927 testatur
509 885 606 941 epilogus
615 887 652 942 qui
659 885 688 928 ad
697 886 780 928 calcem

71 952 180 1011 Historiae
193 954 350 993 oaoauclroraua
366 959 388 994 et
401 953 511 994 Historia
527 953 634 995 lcursiocce
647 957 729 1010 positus
740 961 778 997 est.

71 1021 138 1062 Hrmc
149 1036 200 1077 ergo
211 1021 291 1062 librum
300 1021 347 1063 fere
356 1021 385 1063 ad
392 1021 487 1064 verbum
494 1028 586 1078 uterque
594 1023 780 1078 pseudo-Rufinus

72 1105 98 1132 ac
106 1090 217 1132 Palladius
225 1091 412 1147 transcripsenmt.
421 1091 470 1133 Nec
479 1091 581 1134 miranda
589 1097 621 1134 e'st
628 1092 781 1149 hujuscemodi

71 1162 218 1220 transcriptio7
233 1177 285 1206 nam
299 1167 358 1205 certe
371 1160 400 1204 ad
413 1160 507 1205 verbum
519 1163 654 1220 transcripsit
669 1161 779 1206 Palladius

73 1248 121 1291 quae
130 1233 157 1277 de
165 1233 283 1277 Pachomio
292 1234 382 1292 ejusque
389 1233 467 1291 regula
477 1235 568 1292 scripsit.
581 1233 647 1288 Quod
654 1236 672 1277 si
679 1234 727 1278 hac
735 1250 780 1278 non

72 1305 172 1348 omnibns
183 1305 265 1347 arridet
278 1306 394 1361 sententia,
411 1305 487 1348 saltem
497 1311 614 1363 utrumque
625 1312 737 1348 auctorem
746 1307 780 1348 iis-

31 1422 34 1426 ,
73 1374 124 1417 dem
133 1375 193 1418 libris
205 1377 293 1432 ooptieis
304 1390 354 1418 usos
366 1390 413 1417 esse
427 1375 545 1418 dicendum
558 1382 599 1431 est3
616 1376 656 1418 sed
668 1375 780 1419 rmdenam

73 1446 153 1487 oriatur
162 1445 248 1487 illorrun
258 1445 384 1501 similitudo,
399 1461 467 1502 quum
480 1445 582 1502 quaedam
595 1445 706 1488 dissimilia
720 1460 780 1488 enar-

71 1521 127 1571 rent⁷
137 1516 167 1558 ita
177 1530 222 1558 uon
232 1515 367 1572 explanatru.

321 1665 520 1726 Coronarum.

103 1793 159 1846 Qua
169 1807 237 1849 quum
247 1793 277 1835 ita
290 1793 342 1848 sint,
356 1790 462 1833 Historia
474 1790 577 1833 lcrasiocu
587 1790 646 1834 nullo
657 1790 721 1834 modo
731 1791 780 1834 fons

72 1865 193 1923 primarius
203 1878 232 1906 ex
240 1877 282 1921 quo
288 1861 444 1906 monachorum
449 1863 593 1920 aegyptiorum
599 1861 688 1905 historia
696 1864 781 1905 narrari

72 1938 146 1994 possit,
157 1935 234 1979 haberi
241 1950 305 1992 posse
315 1934 369 1978 mihi
378 1934 471 1978 videtin.
483 1933 597 1988 Quasdam
608 1934 665 1977 euim
674 1948 710 1976 res
719 1935 780 1992 quasi

73 2024 87 2051 a
101 2023 124 2051 se
137 2009 196 2050 visas
209 2012 283 2049 narrat
296 2006 407 2049 Palladius
411 2040 417 2061 7
433 2005 539 2062 pleraque
552 2020 605 2047 vero
619 2005 702 2047 audivit
715 2011 781 2063 atque

51 2119 52 2122 ,
73 2078 131 2134 legit.
143 2077 188 2121 Sed
197 2093 272 2120 earum
279 2092 354 2119 rerum
362 2091 416 2133 quas
423 2078 525 2133 inpriore
536 2077 607 2133 operis
618 2077 651 2118 sui
660 2081 722 2133 parte
733 2092 781 2119 nar·
798 2112 806 2123 .

73 2154 114 2205 rat,
127 2147 201 2205 plures
215 2162 281 2204 quam
292 2149 316 2189 in
328 2146 396 2189 altera
408 2152 470 2203 parte
484 2147 527 2188 suis
541 2146 609 2188 oculis
619 2147 738 2203 perspexit.
754 2146 781 2188 In

73 2220 191 2276 posteriore
201 2218 336 2274 potissimum
347 2216 374 2259 de
385 2216 497 2259 monachis
507 2218 623 2272 superioris
631 2217 725 2272 AEgypti
734 2216 781 2258 fere

74 2290 146 2331 omnia
159 2287 243 2329 audivit
256 2302 287 2345 ac·
295 2287 359 2343 legit,
374 2292 485 2342 totamque
498 2287 580 2328 iu'neris
590 2287 739 2338 narrationem
752 2301 781 2327 ex

75 2372 139 2414 opere
151 2358 234 2412 coptico
246 2356 385 2412 deprompsit.
398 2355 447 2407 Quo
458 2369 524 2411 opere
535 2369 586 2396 cum
593 2354 698 2395 Historia
708 2369 782 2396 111111-

34 2432 36 2436 ’
74 2428 164 2467 chorum
175 2425 251 2466 collato
263 2425 365 2480 colligere
379 2424 431 2466 mihi
444 2424 505 2465 licant
514 2424 619 2465 Rufinum
631 2423 697 2479 hujus
711 2426 781 2480 operis

74 2510 117 2537 non
127 2494 194 2537 fuisse
204 2498 315 2535 auctorem
326 2485 494 2548 Histora'aoaqae
506 2493 663 2533 11111111111111
672 2493 743 2548 ipsam
753 2507 782 2534 ex

75 2565 153 2609 eodem
168 2578 233 2622 opere
250 2565 333 2622 coptico
350 2564 500 2622 depromptam
516 2578 569 2605 esse.
588 2563 653 2605 Hanc
671 2558 786 2605 historiam

65 2630 172 2681 'Patauio
183 2635 212 2680 ad
223 2651 276 2694 opus
287 2634 429 2679 scribendum
439 2635 508 2678 solam
517 2635 623 2678 inseruire
633 2632 677 2678 non
687 2634 782 2693 potuisse
