1818 3169
300 324 388 353 msroun
398 323 496 352 musnet.
725 313 753 356 63

46 420 129 476 coptice
143 420 248 475 scriptrnn
262 419 378 462 verisimile
390 424 431 475 est,
447 421 545 475 quamtis
556 418 640 462 nullum
654 417 683 460 ad
695 418 754 460 hanc

46 490 175 531 sententiam
185 488 358 532 confirmandum
369 495 521 546 argumentum
530 490 597 532 affere
605 503 702 546 possem,
714 487 754 530 sed

45 558 130 602 felicius
143 558 196 602 milri
210 560 283 603 evenit
293 559 352 616 quod
362 560 418 602 inter
430 559 497 603 libros
511 562 605 618 cepticos
616 576 629 602 a
639 564 753 602 100110110-
803 595 806 601 .

46 631 136 689 scriptos
148 629 269 674 istiusmodi
279 630 396 692 quemdam
406 630 486 674 librum
496 632 575 674 nivoni.

45 694 47 697 ’
75 702 128 745 Tria
134 703 184 745 sunt
189 701 342 759 hujuscemodi
348 717 414 761 opera
422 716 470 760 quae
478 702 532 745 milri
538 702 600 745 licuit
607 702 752 746 transcribere

46 767 215 830 transferreque,
227 788 239 816 e
251 773 329 830 quibus
339 789 408 816 unum
418 772 501 830 publici
507 773 563 830 juris
573 773 622 816 feci.
638 773 670 816 Ut
680 779 753 816 autem

46 844 117 900 aptius
124 842 233 900 judicium
242 843 336 886 lectioris
346 843 404 886 ferre
414 843 488 898 liceat,
501 843 528 885 de
536 843 639 886 1100011111
647 843 753 886 disserere

47 913 124 970 placet.

77 982 152 1036 Qumn
165 997 221 1025 anno
233 981 301 1039 1883,
314 997 390 1025 mense
403 982 535 1039 Novembri,
552 983 627 1025 Romae
643 982 753 1039 degerem,
806 1036 808 1039 y

46 1054 104 1110 typis
115 1052 167 1095 mihi
178 1053 267 1110 contigit
277 1052 396 1096 mandare1
407 1052 535 1110 opusculum
543 1053 672 1096 aVatioanae
679 1052 755 1095 biblio-

47 1124 116 1166 thecae
135 1122 210 1166 codice
227 1123 389 1181 depromptum,
404 1124 439 1165 cui
452 1124 475 1165 in
489 1123 587 1180 catalogo
600 1123 666 1180 hujus
679 1123 755 1165 biblio-

47 1193 117 1235 theca
132 1192 206 1235 titulus
221 1194 337 1249 inscriptus
353 1193 425 1235 fuerat
437 1192 489 1234 Vua
505 1192 631 1250 Oauphrii,
651 1199 716 1249 atque
732 1195 754 1235 in

48 1262 123 1304 codice
131 1264 178 1318 ipso
182 1261 203 1303 17
201 1263 235 1304 tta
243 1262 358 1318 Beoofori.
370 1262 444 1315 Quum
452 1277 481 1304 en
489 1262 531 1305 lioc
539 1263 642 1319 opusculo
654 1262 755 1319 quaedam

48 1346 96 1387 quae
109 1331 162 1374 niilri
176 1331 302 1374 arridebant
315 1332 393 1388 gallice
406 1332 525 1374 transferre
538 1334 671 1388 statuissem,
683 1347 755 1389 pauca

47 1407 132 1443 tantum
143 1400 170 1443 de
181 1401 289 1443 Benofero
299 1403 424 1448 narratione
435 1400 513 1443 disseri
522 1402 603 1457 inveni,
615 1401 655 1443 sed
662 1401 755 1458 plurima

49 1470 77 1511 de
88 1470 134 1512 aliis
148 1469 260 1511 monachis
273 1470 309 1511 vel
323 1470 469 1524 anachoretis,
484 1477 638 1526 auctoremque
648 1477 755 1512 0100110-

47 1540 99 1579 tioni
116 1538 234 1594 quamdam
249 1539 355 1580 rationem
370 1539 470 1592 inferret,
489 1540 571 1581 itineris
587 1540 683 1594 speciem
699 1538 755 1580 dele-

48 1608 112 1664 gisse.
133 1607 282 1660 Quamobrem
299 1606 362 1649 aliter
378 1622 451 1649 meam
468 1607 631 1650 translationem
648 1608 755 1664 inscripsi,

47 1692 127 1733 nempe
136 1693 141 1718 :
149 1676 235 1734 Voyopc
246 1676 300 1717 cl'aoo
310 1677 381 1718 moino
393 1677 493 1734 e'pyptica
505 1677 561 1718 duas
573 1676 592 1718 lc
603 1677 680 1718 [desert.

79 1745 123 1790 Sed
131 1761 167 1789 me
174 1746 232 1789 hano
241 1748 387 1789 narrationem
396 1748 503 1803 coptieam
507 1746 682 1802 transferentem,
689 1761 756 1804 quum

48 1817 184 1875 Rosvueydii
192 1832 245 1875 opus
254 1817 281 1859 de
286 1816 308 1859 V
305 1817 344 1858 aa
350 1816 443 1858 Patrona
451 1818 473 1859 in
482 1817 582 1860 manibus
590 1833 634 1860 non
641 1817 755 1874 haberem,

48 1889 113 1947 hujus
119 1890 354 1945 narrationismagnam
360 1894 444 1946 partem
449 1888 548 1945 latine,et
553 1890 599 1931 sine
606 1888 755 1945 dubiograece,

48 1975 137 2003 uersam
146 1961 257 2016 vitamque
269 1957 384 2016 anrpltria'
394 1966 543 2017 nuncupatam
554 1974 602 2002 esse
613 1960 706 2017 effugit.2
718 1959 756 2003 At-

49 2037 123 2074 tamen
131 2045 199 2087 quum
206 2035 265 2073 recte
274 2031 345 2087 operis
354 2031 432 2087 coptici
439 2032 587 2073 narrationem
593 2030 756 2086 intellexissem,

49 2116 119 2144 novus
131 2116 196 2158 quem
203 2102 357 2157 inscripseram
364 2100 438 2143 titrdus
447 2103 514 2143 errori
521 2100 582 2143 haud
589 2101 723 2144 innitebatur
730 2117 756 2143 ac

49 2186 127 2229 reapse
140 2171 208 2214 multa
221 2171 263 2213 alia
276 2169 337 2213 haud
349 2170 414 2213 latine
428 2185 494 2213 versa
507 2171 567 2228 apud
581 2172 689 2228 coptioum
702 2186 756 2228 opus

19 2264 21 2267 ·
49 2241 223 2285 inveniebantur.
239 2241 274 2284 Ne
285 2247 358 2284 autem
368 2256 404 2284 me
414 2243 492 2284 erroris
502 2241 626 2284 insimulare
636 2241 707 2297 liceat,
720 2241 756 2283 hic

50 2311 115 2369 hujus
128 2312 258 2353 narrationis
271 2310 341 2353 verba
355 2310 457 2367 quaedam
469 2312 616 2354 transcribere
628 2310 691 2366 libet,
703 2309 757 2368 (non

49 2395 102 2423 nero
114 2395 143 2422 ex
153 2382 242 2436 antiqua
249 2380 390 2422 translatione
399 2383 442 2436 qua
449 2381 518 2423 multa
525 2387 600 2423 auctor
607 2380 644 2422 vel
651 2382 713 2422 auxit
720 2381 757 2423 uel

49 2450 146 2508 minuit),
160 2462 186 2492 a'c
198 2456 277 2496 caetera
286 2450 396 2492 breviter:
405 2449 469 2492 «Fun
479 2440 610 2492 anachoreta
621 2449 711 2505 quidam
720 2465 756 2492 no-

18 2533 31 2554 -’
50 2522 108 2563 mine
118 2513 260 2577 Paphnutius.
273 2518 374 2572 Quodam
386 2518 420 2561 die
430 2519 532 2562 Patribus
542 2519 586 2562 Dei
597 2520 720 2562 amantibus
731 2536 757 2563 ea

82 2617 96 2647 1.
111 2615 180 2648 Recneil
196 2614 217 2647 de
232 2619 276 2648 trau.
290 2614 339 2647 relat.
352 2614 363 2646 d
377 2614 396 2646 ta
408 2614 454 2656 phil.
467 2619 482 2647 et
499 2615 510 2647 ὰ
525 2613 585 2648 l'arclr.
599 2614 654 2658 e'ylfflt
667 2620 682 2648 et
694 2628 756 2659 rraapr,

50 2673 77 2706 VI
89 2672 154 2714 anssec,
166 2674 265 2716 11166.-
278 2673 295 2705 2.
308 2672 375 2706 Patrai.
388 2672 424 2712 lot,
437 2675 480 2705 tom.
489 2673 573 2715 LXXIII,
587 2673 729 2708 001211-221,
