1818 3169
148 311 178 353 64
396 320 589 349 aisronmmusmon.

148 418 232 460 locutus
238 423 270 460 cst
275 417 345 459 verba
350 423 416 474 atque
421 417 463 459 illis
470 416 525 460 dixit
531 434 536 460 :
542 417 590 475 Ego
596 415 731 474 Paphnutius
738 414 854 472 aliquando

149 490 172 532 in
182 494 254 531 mente
265 503 314 531 mea
326 487 439 530 consilium
448 489 502 530 inivi
512 495 535 531 ut
545 489 647 531 interiora
658 486 738 530 deserti
751 487 855 530 intrarem
875 512 877 514 ·

149 566 214 616 atque
225 565 340 615 uh‘umque
351 558 366 602 J
367 573 406 601 esu
417 558 497 601 Christi
510 559 541 601 ibi
552 558 640 616 quidam
653 572 730 601 servus
745 563 808 613 esset,
819 572 855 599 an-

148 628 308 684 11011,vidercm.
319 628 418 681 Quatuor
426 628 503 671 dicbus
511 629 552 671 iter
560 629 609 684 1661,
618 643 659 671 1166
667 627 805 684 manducavi7
814 642 855 669 nec

130 725 132 728 -
148 699 200 741 bibi.
212 698 255 741 Die
264 705 341 755 quarta
352 698 479 756 speluncam
489 697 548 741 adivi
557 687 713 754 etpantequam
723 700 746 740 in
755 697 815 740 illam
825 699 855 740 in-

149 767 251 811 cederem
255 803 261 825 7
276 784 305 811 cx
314 768 406 811 fratrum
416 784 476 811 more
488 769 565 811 ostium
575 761 661 824 pulsavi
671 774 695 811 ut
704 768 772 810 frater
785 768 855 810 exiret

148 838 253 894 illumque
263 838 316 881 mihi
326 838 428 896 amplecti
437 838 518 881 liceret.
534 837 609 891 Quum
621 852 673 880 vero
687 853 756 895 usque
770 837 799 880 ad
812 853 855 880 me-

150 908 209 951 diam
216 914 303 951 noctem
310 908 399 965 pulsans
406 923 583 965 perseverassem
590 907 686 964 mihique
694 923 758 950 nemo
768 922 856 965 respon-

151 993 199 1020 sum
210 977 313 1034 dedisset
322 985 375 1021 tunc
385 979 442 1021 intra
451 994 487 1021 me
498 977 555 1019 dixi:
562 978 647 1023 Forsan
656 977 728 1020 nullus
740 984 772 1020 est
781 979 805 1020 in
813 976 855 1019 hoc

150 1047 197 1089 loco
211 1047 284 1090 frater.
300 1048 415 1105 Ingressus
429 1062 481 1090 vero
497 1062 545 1089 sum
557 1047 650 1090 inhanc
664 1047 798 1104 speluncam,
813 1047 856 1089 alta

150 1132 212 1173 1066,
224 1132 291 1173 qutun
301 1116 450 1173 procederem,
463 1116 661 1159 exclamanszhlihi
671 1115 771 1172 benedic,
782 1116 855 1159 frater.

152 1186 226 1239 Quum
236 1188 347 1242 ingressus
359 1188 429 1229 essem
440 1192 461 1228 61
472 1188 530 1228 eirca
540 1202 575 1228 me
586 1187 658 1228 omnia
667 1186 733 1228 oculis
741 1186 856 1241 perlustra-

150 1258 238 1311 vissein,
248 1256 338 1298 fratrem
349 1255 461 1299 sedentem
468 1272 494 1298 ac
502 1262 612 1298 tacentem
620 1256 713 1312 adspexi
719 1272 724 1297 :
731 1256 803 1298 statim
812 1271 856 1298 ma-

150 1342 203 1368 num
211 1341 283 1368 meam
291 1326 379 1368 admovi
384 1333 449 1383 atque
455 1326 510 1368 illius
516 1326 631 1368 brachium
637 1325 792 1383 comprehendi
798 1325 857 1382 quod

151 1396 173 1436 111
184 1395 298 1450 pulverem
308 1397 330 1436 in
340 1410 406 1437 manu
415 1410 465 1437 mea
473 1410 603 1437 conversum
611 1401 649 1437 est.
661 1395 741 1436 Totum
748 1395 804 1436 illius
812 1409 856 1436 cer-

152 1478 194 1518 pus
204 1464 294 1519 palpavi
303 1463 406 1519 illumque
417 1465 439 1504 in
449 1463 600 1519 lmjuscemodi
611 1469 668 1505 statu
679 1479 708 1505 ex
717 1464 792 1505 mertis
805 1469 857 1504 tem-

151 1547 204 1587 pore
214 1534 344 1574 remansisse
355 1533 458 1574 intellexi.
472 1532 547 1574 Oculis
558 1535 616 1574 circa
626 1547 662 1573 mc
672 1532 720 1574 loca
729 1532 821 1574 lustravi
831 1548 857 1574 ac

153 1615 281 1657 suspensam
290 1600 336 1642 vidi
344 1601 452 1657 paenulam
461 1615 509 1657 quac
517 1601 685 1658 apprehensam
692 1601 793 1643 manibus
803 1603 857 1643 meis

152 1671 205 1713 cinis
216 1670 274 1714 facta
285 1676 317 1714 est
325 1687 330 1713 :
339 1676 391 1713 111110
402 1672 488 1714 smrexi
499 1672 590 1728 stetique
601 1685 677 1729 preces
689 1671 805 1728 ejaculans,
817 1677 857 1714 stc-

151 1741 194 1782 lam
205 1744 248 1797 qua
259 1741 346 1783 indutus
358 1756 418 1783 eram
428 1741 588 1797 apprehensam
599 1741 702 1783 cadaveri
716 1741 856 1797 circumdedi7

151 1817 231 1853 terram
241 1810 293 1868 fodi,
305 1826 382 1867 eorpus
393 1810 499 1854 abscondi
510 1811 604 1869 hincque
616 1810 711 1854 discessi.

183 1881 468 1926 1111116061101000116111111
481 1884 595 1940 penetravi
608 1882 716 1940 aliamque
731 1882 857 1940 speluncam

151 1954 231 1995 inveni.
247 1952 321 2005 Quum
335 1959 385 1996 ante
398 1953 508 2010 speluncae
521 1955 644 2010 ingressum
656 1953 753 1996 humana
765 1955 858 2011 vestigia

153 2022 304 2080 adspexissem
314 2022 343 2065 ad
354 2038 376 2065 os
387 2039 461 2066 mcum
472 2024 589 2067 exsultavit
600 2039 637 2067 cor
648 2040 674 2067 ac
684 2024 796 2082 pardulum
809 2039 858 2067 con-

152 2092 205 2136 sedi.
220 2094 284 2136 Τ11110
298 2108 399 2149 egressus
413 2108 461 2136 sum
475 2108 501 2136 ac
515 2093 577 2137 dixi:
590 2094 691 2148 Quonam
703 2100 800 2151 tempore
814 2094 857 2137 huc

152 2163 255 2206 adveniet
265 2178 341 2206 servus
349 2163 407 2206 Dei?
419 2169 441 2206 et
451 2170 501 2206 ante
508 2164 601 2220 januam
610 2166 705 2207 remansi
712 2179 781 2221 usque
790 2164 819 2207 ad
826 2180 858 2207 so-

152 2232 177 2276 lis
188 2233 301 2276 meridiem
312 2248 389 2276 versus
399 2232 537 2290 adscensum,
549 2249 614 2291 super
624 2234 692 2291 pedes
702 2249 762 2278 meos
772 2236 822 2281 steti
832 2250 858 2278 ac

154 2303 191 2345 diu
201 2305 326 2346 memoriter
336 2318 413 2360 preces
424 2304 497 2347 effudi.
512 2305 601 2361 Postea,
616 2320 683 2362 quum
697 2306 728 2348 sol
741 2320 858 2348 occasurus

154 2380 219 2428 esset,
236 2374 382 2428 circumspexi
398 2380 419 2416 61
433 2373 575 2430 elonginquo
591 2374 722 2417 latibulorum
737 2382 859 2417 armentum

101 2479 103 2482 .
153 2441 209 2497 vidi,
223 2443 279 2484 inter
290 2456 343 2498 quos
354 2442 471 2485 incedebat
482 2443 555 2487 frater.
570 2443 644 2497 Qirirm
657 2446 858 2502 appropinquasset

154 2511 214 2553 illum
225 2526 272 2554 esse
283 2511 367 2554 nudum
377 2504 532 2556 arrimadvcrti:
538 2513 609 2556 virilia
617 2514 699 2571 capillis
707 2514 805 2557 latebant
814 2521 859 2557 tan-

154 2597 220 2638 quam
233 2583 318 2624 vestitu.
334 2581 409 2635 Qiium
422 2583 451 2625 ad
464 2599 498 2626 me
510 2586 655 2640 pervenisset,
666 2591 726 2627 metu
737 2591 813 2641 eaptus
823 2600 858 2628 me

154 2652 283 2708 phmrtasma
294 2666 341 2693 esse
353 2651 456 2695 credidit:
465 2668 552 2709 gressus
560 2655 609 2697 fixit
617 2670 643 2696 ac
650 2661 752 2711 precatus
761 2661 800 2711 est,
808 2670 860 2697 nam
