1818 3169
184 305 199 348 2
439 316 633 346 meror-rumosam.

184 427 260 454 rarum
273 426 324 469 pars
334 412 459 469 AEgyptrun
471 427 569 469 unquam
581 413 607 454 iis
620 412 687 455 rebus
697 413 803 455 anteierit.
818 411 893 464 Quum

185 484 244 525 enim
253 482 354 539 AEgyptii
364 483 397 524 sui
408 483 474 524 etiam
480 482 536 539 juris
547 496 595 525 esse
605 482 739 539 viderentur,
750 483 792 525 viri
803 481 893 539 quidam

184 551 308 607 solitariam,
316 557 340 593 ut
346 551 386 593 diis
391 552 467 608 patriis
474 551 667 594 excellentissimos
676 553 746 594 cultus
753 557 892 609 peragerent,

184 622 252 664 vitam
258 621 360 678 agebant.
366 621 534 664 Ptolemaeorum
541 627 678 679 tempestate,
684 628 802 680 antequam
808 622 892 679 AEgyp-

183 697 218 734 tus
234 692 257 733 in
269 707 382 735 romanam
397 691 500 734 ditionem
512 692 619 748 venisset,
633 693 757 736 notissimus
772 692 813 735 fuit
827 691 891 734 homo

143 754 145 757 ¹
185 761 274 819 quidam
282 768 362 819 asceta,
370 762 448 819 gallice
457 762 528 805 dictus
536 761 566 803 Le
573 761 646 804 reclus
654 762 685 804 da
693 761 821 821 Serapeum,
830 761 892 820 eujus

148 823 149 826 Ἴ
184 834 265 889 scripta
279 835 344 876 etiam
357 848 417 876 nunc
430 839 517 876 exstant
530 834 552 875 in
565 833 600 875 illo
611 833 694 876 Musaeo
705 834 764 890 quod
774 833 850 875 Masc'e
861 833 892 874 da

183 903 269 945 Locroro
279 903 357 961 gallice
367 905 466 947 vocant}
479 903 558 961 Neque
568 903 604 946 hic
615 902 716 961 Serapidi
729 903 821 961 devotus
835 902 892 947 solus

142 972 145 975 ⁴
183 974 235 1017 fuit:
249 975 322 1018 multis
336 975 382 1018 aliis
395 976 477 1033 paritor
488 975 566 1018 eodem
575 981 673 1033 tempore
683 974 816 1032 viventibus,
826 975 892 1033 juxta

183 1046 227 1088 Nili
240 1047 299 1103 ripas
313 1048 425 1089 notissima
437 1046 458 1087 T
459 1048 633 1103 Irercqreutaranr
647 1048 786 1103 congregatio
798 1037 892 1104 propere

185 1116 285 1158 effloruit.
296 1116 381 1173 Itaque,
393 1131 460 1173 qumn
471 1116 589 1159 christiana
599 1116 674 1173 religio
684 1116 836 1159 diocletianam
843 1122 893 1173 post

183 1188 357 1243 persecutionem
370 1186 417 1230 fere
427 1192 498 1236 totam
508 1187 632 1245 AEgyptum
646 1188 792 1245 occupaverit,
805 1192 892 1229 nonest

183 1257 308 1300 mirandum
319 1257 378 1315 quod
391 1257 453 1300 multi
464 1258 564 1316 AEgpptii
576 1264 668 1315 paterna
678 1259 775 1301 instituta
785 1257 845 1300 haud
855 1257 892 1300 ab·

180 1328 288 1385 jurantes,
297 1328 364 1371 alacri
374 1330 446 1371 animo
457 1329 553 1385 corporis
564 1328 740 1371 afflictationibus
751 1344 775 1371 se
784 1328 891 1384 dederint,

184 1399 252 1441 uitam
263 1399 380 1442 solitariam
390 1406 412 1442 ct
423 1399 580 1443 coenobitarum
590 1406 680 1456 agentes
690 1406 715 1442 ut
722 1400 771 1442 Deo
779 1395 893 1457 placerent

128 1500 130 1504 v
185 1469 333 1527 coelorrunque
346 1485 440 1526 regnum
452 1469 559 1513 violenter
574 1476 683 1527 raperent.
699 1470 751 1513 Jam
765 1471 828 1512 tertio
843 1476 892 1526 post

184 1540 294 1584 Obristrnn
302 1548 378 1584 natum
384 1541 462 1584 serub
469 1541 498 1584 ad
503 1542 570 1584 finem
575 1547 688 1597 vergente,
694 1541 756 1583 multi
763 1541 892 1598 perAEgyp-

184 1618 231 1654 tum
244 1618 307 1655 erant
319 1612 421 1655 monachi
432 1614 475 1669 qui',
489 1612 519 1655 ad
528 1611 573 1654 Nili
585 1613 645 1669 ripas
659 1618 696 1655 aut
708 1626 776 1669 prope
786 1612 848 1654 vicos
858 1627 892 1654 ur-

184 1682 267 1739 besque
277 1683 351 1725 casula
359 1682 473 1739 aedificata,
480 1682 568 1725 solitarii
573 1682 709 1738 victitabant,
715 1678 820 1724 manuum
826 1696 892 1738 opera

184 1752 225 1795 sibi
231 1754 314 1796 victum
322 1754 470 1796 necessarium
480 1758 638 1810 comparantes,
648 1752 684 1795 vel
693 1768 721 1795 ex
729 1752 826 1795 fraterna
832 1751 892 1795 Obri-

185 1824 303 1866 stianorum
317 1824 422 1867 charitate
435 1839 516 1881 panem
529 1825 668 1881 accipientes.
683 1823 756 1880 Atque
771 1824 837 1866 etiam
847 1825 892 1879 qui-

185 1893 236 1936 dam
246 1895 269 1935 in
278 1894 365 1937 deserta
372 1894 420 1937 loca
426 1900 596 1951 penetraverant
604 1900 669 1951 atque
678 1894 706 1936 ab
716 1893 816 1936 omnibus
824 1894 892 1950 ignoti

184 1964 252 2006 uitam
267 1964 388 2022 perdmam
404 1965 497 2007 obscure
515 1964 616 2021 agebant.
634 1963 720 2017 Quibus
736 1979 766 2006 ex
780 1963 896 2018 monachis

184 2049 288 2091 magnam
301 2042 396 2092 partem,
409 2037 531 2092 imperante
544 2035 691 2090 Diocletiano,
704 2036 773 2077 vitam
784 2049 835 2077 cum
845 2049 892 2077 san-

184 2106 250 2161 guine
264 2105 347 2147 fudisse
361 2107 383 2146 in
396 2105 452 2148 libro
467 2106 503 2162 qui
518 2105 668 2162 Opmaxarium
682 2105 808 2148 inscribitur
821 2104 893 2147 rideri

184 2181 265 2231 potest3
279 2176 344 2232 longe
358 2183 431 2219 autem
445 2176 508 2219 abest
518 2182 542 2218 ut
552 2176 638 2218 illorum
647 2190 751 2218 numerus
763 2177 893 2233 aequiparari

184 2247 251 2302 possit
256 2246 388 2289 multitudini
396 2247 578 2289 anachoretarum
582 2246 619 2289 vel
628 2246 785 2289 coenobitarum
791 2247 834 2302 qui,
840 2245 892 2288 Dio-

180 2316 271 2359 cletiani
284 2319 440 2374 persecutionis
454 2318 497 2360 fine
511 2317 576 2373 facto,
592 2317 631 2359 toti
644 2318 734 2373 imperio
749 2331 839 2359 romano
856 2316 893 2358 ad-

183 2388 291 2429 mirationi
301 2387 368 2431 fuere.

215 2566 230 2596 1.
244 2564 345 2607 Utriusque
357 2575 411 2598 sexus
425 2569 477 2598 erant
488 2565 508 2598 hi
521 2563 598 2610 κάτοχοι,
611 2568 631 2597 ut
647 2575 706 2608 graece
723 2564 800 2606 dicitur,
815 2575 892 2607 quorum

184 2623 240 2654 vitain
254 2622 351 2655 aemulatus
364 2627 391 2656 est
403 2624 497 2657 Johannes
506 2623 656 2667 Lycopolitanus
670 2622 697 2656 Cf.
706 2624 810 2656 Leemans:
823 2622 893 2666 Pappia

183 2683 241 2723 praeci,
255 2686 274 2714 et
286 2681 378 2714 Letronne
391 2683 463 2726 passini.
