1818 3169
113 931 115 934 ·
136 900 185 961 DE
202 900 392 963 HISTORIA
410 899 611 962 Llosllen.

51 1287 96 1329 Res
106 1287 163 1329 inter
170 1285 281 1329 mirandas
291 1299 339 1342 qua
348 1300 377 1327 ex
384 1285 494 1341 religionis
503 1301 569 1328 sensu
576 1300 616 1342 per
623 1284 730 1328 mundum

23 1358 45 1400 iu
54 1356 126 1399 lucem
135 1355 244 1413 prodiere,
258 1355 318 1398 nulla
329 1355 417 1413 quidem
430 1356 483 1398 mihi
492 1357 577 1398 rectius
590 1355 690 1398 miranda
701 1357 731 1397 vi-

24 1428 87 1470 detur
98 1442 163 1484 quam
177 1442 252 1470 eornm
265 1426 377 1469 hominum
387 1426 469 1483 agendi
481 1428 536 1469 ratio
548 1428 592 1484 qui,
605 1426 694 1483 spretis,
707 1432 732 1469 ut

24 1496 732 1554 aiumpmuuliilleceletromnpussuumomnisgenerisaffliota-
789 1511 791 1514 ·

23 1568 116 1611 tionibus
128 1559 266 1611 tradiderunt
277 1556 303 1610 ut·
314 1567 404 1610 liberius
415 1568 464 1610 Deo
475 1569 607 1610 inservirent
617 1582 644 1610 ae
654 1569 732 1610 animee

25 1652 68 1681 suae
78 1638 164 1695 utilitati
177 1640 272 1695 sortique
286 1637 364 1680 futu-ze
374 1632 522 1694 providerent.
533 1638 578 1680 Per
588 1652 662 1680 omnes
674 1636 732 1679 orbis

24 1713 209 1765 terrarumpartes
215 1707 367 1765 hujuscemodi
374 1707 473 1750 homines
479 1710 610 1751 exstiterunt
616 1709 659 1764 qui,
666 1722 733 1765 quum

24 1779 47 1821 in
57 1778 152 1836 Europa,
162 1770 209 1821 tum
217 1779 240 1820 in
247 1777 301 1820 Asia
310 1784 331 1820 et
338 1777 422 1834 Africa,
431 1784 453 1821 et
459 1779 553 1835 antiquis
565 1784 586 1820 et
594 1779 672 1820 nostris
680 1784 733 1820 tern-

25 1848 119 1904 poribus,
131 1850 198 1891 vitam
208 1850 268 1906 piam
279 1855 377 1904 egenmt,
392 1864 421 1890 ex
431 1854 532 1890 ueterum
546 1848 640 1890 cultibus
653 1848 690 1889 rel
704 1863 733 1889 ex

25 1918 64 1960 illis
76 1920 113 1975 qui
123 1918 196 1961 adlme
207 1918 291 1975 florent,
302 1919 369 1961 variis
379 1918 568 1980 appellationibus7
579 1920 685 1975 originem
697 1918 734 1960 du-

26 1995 110 2044 oentes3
127 2004 206 2046 reapse
222 2003 275 2031 vero
293 1990 379 2031 omnino
394 2003 459 2046 pares
475 1991 532 2032 inter
547 2004 570 2032 se
585 1989 664 2032 iisdem
679 1990 735 2032 votis

27 2059 205 2116 opinionibusque
215 2058 359 2116 ducebantm·7
369 2074 436 2116 quum
447 2074 521 2103 omnes
533 2059 611 2102 eadem
620 2065 694 2103 mente
705 2061 735 2101 in-

27 2130 85 2171 eitati
94 2129 154 2173 idem
164 2129 271 2172 haberent
281 2131 420 2187 proposition.
434 2129 493 2183 Quid
502 2132 560 2173 enim
569 2130 637 2173 refert
647 2130 688 2172 illis
698 2145 735 2172 no-

26 2213 76 2242 men
81 2199 155 2257 fuisse,
161 2199 198 2260 rel
206 2201 337 2243 etiamnuno
342 2215 397 2257 esse,
403 2200 483 2253 reolus,
491 2201 580 2253 moines,
586 2202 734 2252 ceorcoeboretea

23 2268 108 2324 ⁸fedolio,
118 2270 199 2322 taliaes,
212 2269 348 2327 brolunones,
356 2270 491 2327 ritcn'oboats,
501 2277 549 2327 eto,
558 2277 582 2314 ut
591 2271 675 2328 gallicis
687 2277 736 2314 utar

27 2340 224 2396 appellationibus?
239 2341 340 2398 Namque
355 2356 429 2384 omnes
443 2343 559 2399 praesentia
573 2343 645 2400 speeie
659 2342 744 2385 saltem·

28 2417 153 2466 spernentes
163 2411 286 2468 futrrreeque
294 2413 345 2454 vitae
355 2411 421 2468 bona,
429 2412 466 2454 rel
477 2414 543 2455 etiam
551 2414 575 2455 in
584 2412 626 2455 hoe
634 2413 681 2470 jam
690 2427 736 2455 aevo

28 2479 124 2524 intimem
139 2497 189 2524 eum
199 2481 248 2524 Deo
262 2483 365 2525 amionem
376 2478 505 2540 quaerentes,
520 2483 606 2526 diverso
620 2484 697 2526 itinere
708 2482 737 2525 ad

29 2551 129 2594 eamdem
139 2553 190 2595 vita
200 2558 281 2595 metam
291 2553 437 2596 tetenderunt.

58 2619 102 2664 Sed
111 2637 236 2680 quanquam
244 2622 304 2666 nulla
311 2629 420 2666 terrarum
427 2625 488 2680 regio
494 2623 647 2682 hujuscemodi
651 2625 738 2681 pietatis

30 2687 211 2736 demonstratione
220 2695 297 2749 caruit7
305 2693 365 2736 haud
375 2699 450 2737 tamen
460 2695 504 2737 seio
513 2684 545 2737 an
550 2694 623 2752 aliqua
631 2695 689 2737 orbis
697 2700 738 2737 ter-

181 2775 182 2778 *
622 2767 631 2797 1
