<?xml version="1.0" encoding="UTF-8"?>
<!DOCTYPE html PUBLIC "-//W3C//DTD XHTML 1.0 Transitional//EN"
    "http://www.w3.org/TR/xhtml1/DTD/xhtml1-transitional.dtd">
<html xmlns="http://www.w3.org/1999/xhtml" xml:lang="en" lang="en">
 <head>
  <title>
</title>
<meta http-equiv="Content-Type" content="text/html;charset=utf-8" />
  <meta name='ocr-system' content='tesseract 3.04.00' />
  <meta name='ocr-capabilities' content='ocr_page ocr_carea ocr_par ocr_line ocrx_word'/>
</head>
<body>
  <div class='ocr_page' id='page_1' title='image "MN41886ucmf_5_0029.png"; bbox 0 0 1818 3169; ppageno 0'>
   <div class='ocr_carea' id='block_1_1' title="bbox 303 311 755 354">
    <p class='ocr_par' dir='ltr' id='par_1_1' title="bbox 303 311 755 354">
     <span class='ocr_line' id='line_1_1' title="bbox 303 311 755 354; baseline 0.013 -6"><span class='ocrx_word' id='word_1_1' title='bbox 303 321 499 349; x_wconf 79' lang='lat' dir='ltr'>nisroaiamusraea.</span> <span class='ocrx_word' id='word_1_2' title='bbox 741 311 755 354; x_wconf 68' lang='grc' dir='ltr'>ἶ)</span> 
     </span>
    </p>
   </div>
   <div class='ocr_carea' id='block_1_2' title="bbox 0 408 771 2452">
    <p class='ocr_par' dir='ltr' id='par_1_2' title="bbox 0 408 771 2225">
     <span class='ocr_line' id='line_1_2' title="bbox 48 408 754 474; baseline -0.007 -9"><span class='ocrx_word' id='word_1_3' title='bbox 48 419 137 465; x_wconf 83' lang='lat' dir='ltr'>habebit</span> <span class='ocrx_word' id='word_1_4' title='bbox 144 435 149 460; x_wconf 89' lang='lat'>:</span> <span class='ocrx_word' id='word_1_5' title='bbox 157 408 181 459; x_wconf 87' lang='lat' dir='ltr'>in</span> <span class='ocrx_word' id='word_1_6' title='bbox 190 419 269 474; x_wconf 64' lang='lat' dir='ltr'>priore</span> <span class='ocrx_word' id='word_1_7' title='bbox 281 417 309 459; x_wconf 92' lang='lat' dir='ltr'>de</span> <span class='ocrx_word' id='word_1_8' title='bbox 319 417 413 474; x_wconf 77' lang='lat' dir='ltr'>AEgypti</span> <span class='ocrx_word' id='word_1_9' title='bbox 423 417 541 472; x_wconf 79' lang='lat' dir='ltr'>monachis,</span> <span class='ocrx_word' id='word_1_10' title='bbox 554 418 600 460; x_wconf 82' lang='lat' dir='ltr'>sive</span> <span class='ocrx_word' id='word_1_11' title='bbox 610 417 754 473; x_wconf 70' lang='lat' dir='ltr'>anachoretis,</span> 
     </span>
     <span class='ocr_line' id='line_1_3' title="bbox 49 487 755 545; baseline -0.007 -10"><span class='ocrx_word' id='word_1_12' title='bbox 49 495 93 535; x_wconf 75' lang='lat' dir='ltr'>sire</span> <span class='ocrx_word' id='word_1_13' title='bbox 108 488 221 531; x_wconf 71' lang='lat' dir='ltr'>caenobitis</span> <span class='ocrx_word' id='word_1_14' title='bbox 233 487 319 530; x_wconf 90' lang='lat' dir='ltr'>disserit</span> <span class='ocrx_word' id='word_1_15' title='bbox 328 487 446 543; x_wconf 76' lang='lat' dir='ltr'>Palladius,</span> <span class='ocrx_word' id='word_1_16' title='bbox 460 489 484 530; x_wconf 91' lang='lat' dir='ltr'>in</span> <span class='ocrx_word' id='word_1_17' title='bbox 497 488 566 530; x_wconf 87' lang='lat' dir='ltr'>altera</span> <span class='ocrx_word' id='word_1_18' title='bbox 575 494 638 544; x_wconf 88' lang='lat' dir='ltr'>parte</span> <span class='ocrx_word' id='word_1_19' title='bbox 650 488 677 531; x_wconf 92' lang='lat' dir='ltr'>de</span> <span class='ocrx_word' id='word_1_20' title='bbox 687 488 755 545; x_wconf 77' lang='lat' dir='ltr'>Palae-</span> 
     </span>
     <span class='ocr_line' id='line_1_4' title="bbox 49 557 754 616; baseline -0.007 -10"><span class='ocrx_word' id='word_1_21' title='bbox 49 564 109 606; x_wconf 82' lang='lat' dir='ltr'>stinae</span> <span class='ocrx_word' id='word_1_22' title='bbox 116 559 210 616; x_wconf 78' lang='lat' dir='ltr'>regionis</span> <span class='ocrx_word' id='word_1_23' title='bbox 218 558 336 601; x_wconf 89' lang='lat' dir='ltr'>monachis.</span> <span class='ocrx_word' id='word_1_24' title='bbox 349 557 399 613; x_wconf 80' lang='lat' dir='ltr'>Sed,</span> <span class='ocrx_word' id='word_1_25' title='bbox 409 564 508 614; x_wconf 90' lang='lat' dir='ltr'>utsupra</span> <span class='ocrx_word' id='word_1_26' title='bbox 519 557 565 600; x_wconf 82' lang='lat' dir='ltr'>dixi</span> <span class='ocrx_word' id='word_1_27' title='bbox 575 558 693 616; x_wconf 68' lang='lat' dir='ltr'>titulusque</span> <span class='ocrx_word' id='word_1_28' title='bbox 703 558 754 602; x_wconf 90' lang='lat' dir='ltr'>huic</span> 
     </span>
     <span class='ocr_line' id='line_1_5' title="bbox 50 628 755 686; baseline -0.003 -11"><span class='ocrx_word' id='word_1_29' title='bbox 50 630 192 677; x_wconf 62' lang='lat' dir='ltr'>dissertationi</span> <span class='ocrx_word' id='word_1_30' title='bbox 201 630 320 685; x_wconf 86' lang='lat' dir='ltr'>inscriptus</span> <span class='ocrx_word' id='word_1_31' title='bbox 327 628 432 671; x_wconf 89' lang='lat' dir='ltr'>lectorem</span> <span class='ocrx_word' id='word_1_32' title='bbox 441 628 544 685; x_wconf 77' lang='lat' dir='ltr'>docuerit,</span> <span class='ocrx_word' id='word_1_33' title='bbox 555 643 610 672; x_wconf 76' lang='lat' dir='ltr'>meae</span> <span class='ocrx_word' id='word_1_34' title='bbox 620 629 755 686; x_wconf 70' lang='lat' dir='ltr'>indagationi</span> 
     </span>
     <span class='ocr_line' id='line_1_6' title="bbox 49 700 754 759; baseline -0.006 -12"><span class='ocrx_word' id='word_1_35' title='bbox 49 718 96 747; x_wconf 88' lang='lat' dir='ltr'>eam</span> <span class='ocrx_word' id='word_1_36' title='bbox 110 704 195 743; x_wconf 88' lang='lat' dir='ltr'>tantum</span> <span class='ocrx_word' id='word_1_37' title='bbox 210 700 304 742; x_wconf 80' lang='lat' dir='ltr'>historiae</span> <span class='ocrx_word' id='word_1_38' title='bbox 319 706 405 756; x_wconf 87' lang='lat' dir='ltr'>partem</span> <span class='ocrx_word' id='word_1_39' title='bbox 418 714 467 756; x_wconf 85' lang='lat' dir='ltr'>quae</span> <span class='ocrx_word' id='word_1_40' title='bbox 483 700 511 742; x_wconf 90' lang='lat' dir='ltr'>de</span> <span class='ocrx_word' id='word_1_41' title='bbox 526 701 626 759; x_wconf 76' lang='lat' dir='ltr'>aegyptiis</span> <span class='ocrx_word' id='word_1_42' title='bbox 641 702 754 743; x_wconf 86' lang='lat' dir='ltr'>monachis</span> 
     </span>
     <span class='ocr_line' id='line_1_7' title="bbox 47 764 754 828; baseline -0.003 -12"><span class='ocrx_word' id='word_1_43' title='bbox 47 777 126 816; x_wconf 87' lang='lat' dir='ltr'>tractat</span> <span class='ocrx_word' id='word_1_44' title='bbox 134 764 252 813; x_wconf 83' lang='lat' dir='ltr'>terminum</span> <span class='ocrx_word' id='word_1_45' title='bbox 261 771 331 826; x_wconf 81' lang='lat' dir='ltr'>posui,</span> <span class='ocrx_word' id='word_1_46' title='bbox 343 777 364 812; x_wconf 86' lang='lat' dir='ltr'>et</span> <span class='ocrx_word' id='word_1_47' title='bbox 373 770 466 813; x_wconf 86' lang='lat' dir='ltr'>multum</span> <span class='ocrx_word' id='word_1_48' title='bbox 476 770 544 813; x_wconf 86' lang='lat' dir='ltr'>habui</span> <span class='ocrx_word' id='word_1_49' title='bbox 554 785 593 812; x_wconf 88' lang='lat' dir='ltr'>cur</span> <span class='ocrx_word' id='word_1_50' title='bbox 605 770 663 813; x_wconf 90' lang='lat' dir='ltr'>hane</span> <span class='ocrx_word' id='word_1_51' title='bbox 674 772 754 828; x_wconf 76' lang='lat' dir='ltr'>agendi</span> 
     </span>
     <span class='ocr_line' id='line_1_8' title="bbox 47 839 753 897; baseline -0.006 -11"><span class='ocrx_word' id='word_1_52' title='bbox 47 844 152 886; x_wconf 88' lang='lat' dir='ltr'>rationem</span> <span class='ocrx_word' id='word_1_53' title='bbox 168 840 280 897; x_wconf 77' lang='lat' dir='ltr'>elegerim3</span> <span class='ocrx_word' id='word_1_54' title='bbox 295 841 391 896; x_wconf 89' lang='lat' dir='ltr'>primum</span> <span class='ocrx_word' id='word_1_55' title='bbox 408 839 467 896; x_wconf 92' lang='lat' dir='ltr'>quod</span> <span class='ocrx_word' id='word_1_56' title='bbox 484 856 510 882; x_wconf 87' lang='lat' dir='ltr'>ea</span> <span class='ocrx_word' id='word_1_57' title='bbox 523 839 632 881; x_wconf 74' lang='lat' dir='ltr'>Historia</span> <span class='ocrx_word' id='word_1_58' title='bbox 647 841 753 883; x_wconf 75' lang='lat' dir='ltr'>lcrasincce</span> 
     </span>
     <span class='ocr_line' id='line_1_9' title="bbox 47 909 754 971; baseline -0.003 -15"><span class='ocrx_word' id='word_1_59' title='bbox 47 927 97 971; x_wconf 82' lang='lat' dir='ltr'>pars</span> <span class='ocrx_word' id='word_1_60' title='bbox 107 912 130 954; x_wconf 93' lang='lat' dir='ltr'>in</span> <span class='ocrx_word' id='word_1_61' title='bbox 140 926 209 953; x_wconf 90' lang='lat' dir='ltr'>unum</span> <span class='ocrx_word' id='word_1_62' title='bbox 219 912 261 953; x_wconf 87' lang='lat' dir='ltr'>coit</span> <span class='ocrx_word' id='word_1_63' title='bbox 273 910 416 966; x_wconf 72' lang='lat' dir='ltr'>distincteque</span> <span class='ocrx_word' id='word_1_64' title='bbox 427 910 455 952; x_wconf 83' lang='lat' dir='ltr'>ab</span> <span class='ocrx_word' id='word_1_65' title='bbox 467 909 510 952; x_wconf 89' lang='lat' dir='ltr'>alia</span> <span class='ocrx_word' id='word_1_66' title='bbox 521 909 659 966; x_wconf 76' lang='lat' dir='ltr'>discernitur3</span> <span class='ocrx_word' id='word_1_67' title='bbox 674 910 754 954; x_wconf 88' lang='lat' dir='ltr'>deinde</span> 
     </span>
     <span class='ocr_line' id='line_1_10' title="bbox 48 980 753 1040; baseline -0.001 -15"><span class='ocrx_word' id='word_1_68' title='bbox 48 981 106 1040; x_wconf 91' lang='lat' dir='ltr'>quod</span> <span class='ocrx_word' id='word_1_69' title='bbox 119 996 204 1024; x_wconf 91' lang='lat' dir='ltr'>summa</span> <span class='ocrx_word' id='word_1_70' title='bbox 218 995 259 1036; x_wconf 88' lang='lat' dir='ltr'>ope</span> <span class='ocrx_word' id='word_1_71' title='bbox 273 981 342 1023; x_wconf 88' lang='lat' dir='ltr'>enitor</span> <span class='ocrx_word' id='word_1_72' title='bbox 355 987 379 1023; x_wconf 86' lang='lat' dir='ltr'>ut</span> <span class='ocrx_word' id='word_1_73' title='bbox 394 995 460 1036; x_wconf 91' lang='lat' dir='ltr'>quam</span> <span class='ocrx_word' id='word_1_74' title='bbox 473 981 572 1036; x_wconf 87' lang='lat' dir='ltr'>apprime</span> <span class='ocrx_word' id='word_1_75' title='bbox 585 980 697 1023; x_wconf 75' lang='lat' dir='ltr'>historiam</span> <span class='ocrx_word' id='word_1_76' title='bbox 710 997 753 1024; x_wconf 91' lang='lat' dir='ltr'>mo-</span> 
     </span>
     <span class='ocr_line' id='line_1_11' title="bbox 47 1040 754 1109; baseline -0.001 -14"><span class='ocrx_word' id='word_1_77' title='bbox 47 1053 166 1096; x_wconf 88' lang='lat' dir='ltr'>nachorum</span> <span class='ocrx_word' id='word_1_78' title='bbox 176 1040 326 1109; x_wconf 77' lang='lat' dir='ltr'>aegyptiorum,</span> <span class='ocrx_word' id='word_1_79' title='bbox 337 1066 382 1093; x_wconf 90' lang='lat' dir='ltr'>non</span> <span class='ocrx_word' id='word_1_80' title='bbox 392 1057 465 1093; x_wconf 87' lang='lat' dir='ltr'>autem</span> <span class='ocrx_word' id='word_1_81' title='bbox 473 1051 595 1092; x_wconf 76' lang='lat' dir='ltr'>Palaestinae</span> <span class='ocrx_word' id='word_1_82' title='bbox 603 1056 625 1092; x_wconf 90' lang='lat' dir='ltr'>et</span> <span class='ocrx_word' id='word_1_83' title='bbox 633 1049 703 1108; x_wconf 61' lang='lat' dir='ltr'>Squiae</span> <span class='ocrx_word' id='word_1_84' title='bbox 711 1067 754 1094; x_wconf 90' lang='lat' dir='ltr'>mo-</span> 
     </span>
     <span class='ocr_line' id='line_1_12' title="bbox 47 1120 754 1178; baseline -0.003 -11"><span class='ocrx_word' id='word_1_85' title='bbox 47 1124 189 1167; x_wconf 87' lang='lat' dir='ltr'>nasteriormn</span> <span class='ocrx_word' id='word_1_86' title='bbox 198 1121 374 1178; x_wconf 80' lang='lat' dir='ltr'>cellularumque,</span> <span class='ocrx_word' id='word_1_87' title='bbox 382 1120 474 1176; x_wconf 76' lang='lat' dir='ltr'>discam3</span> <span class='ocrx_word' id='word_1_88' title='bbox 483 1127 530 1164; x_wconf 85' lang='lat' dir='ltr'>tum</span> <span class='ocrx_word' id='word_1_89' title='bbox 538 1121 603 1177; x_wconf 80' lang='lat' dir='ltr'>quod,</span> <span class='ocrx_word' id='word_1_90' title='bbox 616 1122 699 1164; x_wconf 86' lang='lat' dir='ltr'>etiamsi</span> <span class='ocrx_word' id='word_1_91' title='bbox 707 1122 754 1165; x_wconf 85' lang='lat' dir='ltr'>Pal-</span> 
     </span>
     <span class='ocr_line' id='line_1_13' title="bbox 46 1191 754 1249; baseline 0 -13"><span class='ocrx_word' id='word_1_92' title='bbox 46 1194 116 1237; x_wconf 85' lang='lat' dir='ltr'>ladius</span> <span class='ocrx_word' id='word_1_93' title='bbox 130 1193 159 1235; x_wconf 88' lang='lat' dir='ltr'>ad</span> <span class='ocrx_word' id='word_1_94' title='bbox 173 1192 264 1241; x_wconf 87' lang='lat' dir='ltr'>alteram</span> <span class='ocrx_word' id='word_1_95' title='bbox 278 1193 311 1235; x_wconf 89' lang='lat' dir='ltr'>sui</span> <span class='ocrx_word' id='word_1_96' title='bbox 325 1192 395 1249; x_wconf 90' lang='lat' dir='ltr'>operis</span> <span class='ocrx_word' id='word_1_97' title='bbox 409 1197 494 1249; x_wconf 89' lang='lat' dir='ltr'>partem</span> <span class='ocrx_word' id='word_1_98' title='bbox 508 1191 667 1235; x_wconf 85' lang='lat' dir='ltr'>conficiendam</span> <span class='ocrx_word' id='word_1_99' title='bbox 676 1192 754 1236; x_wconf 88' lang='lat' dir='ltr'>iisdem</span> 
     </span>
     <span class='ocr_line' id='line_1_14' title="bbox 47 1262 754 1321; baseline 0 -14"><span class='ocrx_word' id='word_1_100' title='bbox 47 1264 129 1308; x_wconf 87' lang='lat' dir='ltr'>artibus</span> <span class='ocrx_word' id='word_1_101' title='bbox 139 1270 205 1321; x_wconf 91' lang='lat' dir='ltr'>atque</span> <span class='ocrx_word' id='word_1_102' title='bbox 216 1262 245 1306; x_wconf 88' lang='lat' dir='ltr'>ad</span> <span class='ocrx_word' id='word_1_103' title='bbox 255 1265 350 1320; x_wconf 81' lang='lat' dir='ltr'>priorem</span> <span class='ocrx_word' id='word_1_104' title='bbox 357 1277 410 1305; x_wconf 87' lang='lat' dir='ltr'>usus</span> <span class='ocrx_word' id='word_1_105' title='bbox 418 1264 451 1319; x_wconf 61' lang='lat' dir='ltr'>sit,</span> <span class='ocrx_word' id='word_1_106' title='bbox 462 1277 507 1305; x_wconf 90' lang='lat' dir='ltr'>non</span> <span class='ocrx_word' id='word_1_107' title='bbox 515 1264 566 1305; x_wconf 85' lang='lat' dir='ltr'>satis</span> <span class='ocrx_word' id='word_1_108' title='bbox 575 1264 667 1321; x_wconf 57' lang='lat' dir='ltr'>syriacae</span> <span class='ocrx_word' id='word_1_109' title='bbox 675 1263 754 1321; x_wconf 81' lang='lat' dir='ltr'>linguae</span> 
     </span>
     <span class='ocr_line' id='line_1_15' title="bbox 47 1333 754 1391; baseline 0 -13"><span class='ocrx_word' id='word_1_110' title='bbox 47 1335 118 1378; x_wconf 88' lang='lat' dir='ltr'>studui</span> <span class='ocrx_word' id='word_1_111' title='bbox 131 1341 156 1378; x_wconf 92' lang='lat' dir='ltr'>ut</span> <span class='ocrx_word' id='word_1_112' title='bbox 168 1334 206 1377; x_wconf 90' lang='lat' dir='ltr'>illa</span> <span class='ocrx_word' id='word_1_113' title='bbox 218 1335 250 1377; x_wconf 90' lang='lat' dir='ltr'>uti</span> <span class='ocrx_word' id='word_1_114' title='bbox 260 1333 324 1377; x_wconf 85' lang='lat' dir='ltr'>facile</span> <span class='ocrx_word' id='word_1_115' title='bbox 334 1334 422 1391; x_wconf 82' lang='lat' dir='ltr'>possim,</span> <span class='ocrx_word' id='word_1_116' title='bbox 437 1349 504 1391; x_wconf 88' lang='lat' dir='ltr'>quum</span> <span class='ocrx_word' id='word_1_117' title='bbox 518 1333 548 1376; x_wconf 84' lang='lat' dir='ltr'>ad</span> <span class='ocrx_word' id='word_1_118' title='bbox 558 1334 666 1391; x_wconf 88' lang='lat' dir='ltr'>copticam</span> <span class='ocrx_word' id='word_1_119' title='bbox 677 1350 754 1391; x_wconf 82' lang='lat' dir='ltr'>eogno-</span> 
     </span>
     <span class='ocr_line' id='line_1_16' title="bbox 0 1405 754 1462; baseline 0 -14"><span class='ocrx_word' id='word_1_120' title='bbox 0 1431 1 1434; x_wconf 65' lang='lat'><em>=</em></span> <span class='ocrx_word' id='word_1_121' title='bbox 47 1405 151 1449; x_wconf 87' lang='lat' dir='ltr'>seendam</span> <span class='ocrx_word' id='word_1_122' title='bbox 165 1405 242 1448; x_wconf 86' lang='lat' dir='ltr'>decem</span> <span class='ocrx_word' id='word_1_123' title='bbox 256 1420 297 1462; x_wconf 89' lang='lat' dir='ltr'>per</span> <span class='ocrx_word' id='word_1_124' title='bbox 312 1419 380 1447; x_wconf 87' lang='lat' dir='ltr'>annos</span> <span class='ocrx_word' id='word_1_125' title='bbox 395 1419 481 1446; x_wconf 88' lang='lat' dir='ltr'>omnem</span> <span class='ocrx_word' id='word_1_126' title='bbox 496 1420 571 1447; x_wconf 81' lang='lat' dir='ltr'>eman]</span> <span class='ocrx_word' id='word_1_127' title='bbox 585 1410 651 1461; x_wconf 87' lang='lat' dir='ltr'>atque</span> <span class='ocrx_word' id='word_1_128' title='bbox 665 1419 754 1461; x_wconf 85' lang='lat' dir='ltr'>operam</span> 
     </span>
     <span class='ocr_line' id='line_1_17' title="bbox 47 1473 754 1532; baseline 0 -13"><span class='ocrx_word' id='word_1_129' title='bbox 47 1476 196 1531; x_wconf 76' lang='lat' dir='ltr'>contulerim3¹</span> <span class='ocrx_word' id='word_1_130' title='bbox 209 1481 318 1532; x_wconf 88' lang='lat' dir='ltr'>postremo</span> <span class='ocrx_word' id='word_1_131' title='bbox 335 1473 393 1531; x_wconf 88' lang='lat' dir='ltr'>quod</span> <span class='ocrx_word' id='word_1_132' title='bbox 409 1474 497 1531; x_wconf 82' lang='lat' dir='ltr'>Syriam</span> <span class='ocrx_word' id='word_1_133' title='bbox 512 1489 539 1517; x_wconf 86' lang='lat' dir='ltr'>ae</span> <span class='ocrx_word' id='word_1_134' title='bbox 552 1475 694 1518; x_wconf 73' lang='lat' dir='ltr'>Palaestinam</span> <span class='ocrx_word' id='word_1_135' title='bbox 709 1491 754 1519; x_wconf 91' lang='lat' dir='ltr'>non</span> 
     </span>
     <span class='ocr_line' id='line_1_18' title="bbox 45 1544 753 1603; baseline 0 -14"><span class='ocrx_word' id='word_1_136' title='bbox 45 1546 182 1603; x_wconf 72' lang='lat' dir='ltr'>perlustravi,</span> <span class='ocrx_word' id='word_1_137' title='bbox 193 1546 317 1603; x_wconf 80' lang='lat' dir='ltr'>AEgyptum</span> <span class='ocrx_word' id='word_1_138' title='bbox 330 1551 404 1587; x_wconf 88' lang='lat' dir='ltr'>autem</span> <span class='ocrx_word' id='word_1_139' title='bbox 413 1544 483 1587; x_wconf 87' lang='lat' dir='ltr'>tribus</span> <span class='ocrx_word' id='word_1_140' title='bbox 494 1545 557 1587; x_wconf 86' lang='lat' dir='ltr'>annis</span> <span class='ocrx_word' id='word_1_141' title='bbox 567 1544 648 1587; x_wconf 85' lang='lat' dir='ltr'>incolui</span> <span class='ocrx_word' id='word_1_142' title='bbox 659 1551 683 1588; x_wconf 86' lang='lat' dir='ltr'>et</span> <span class='ocrx_word' id='word_1_143' title='bbox 692 1561 753 1602; x_wconf 87' lang='lat' dir='ltr'>pera-</span> 
     </span>
     <span class='ocr_line' id='line_1_19' title="bbox 45 1615 753 1674; baseline 0.001 -15"><span class='ocrx_word' id='word_1_144' title='bbox 45 1618 113 1674; x_wconf 76' lang='lat' dir='ltr'>gravi,</span> <span class='ocrx_word' id='word_1_145' title='bbox 124 1617 255 1660; x_wconf 87' lang='lat' dir='ltr'>monasteria</span> <span class='ocrx_word' id='word_1_146' title='bbox 266 1629 315 1673; x_wconf 85' lang='lat' dir='ltr'>quae</span> <span class='ocrx_word' id='word_1_147' title='bbox 326 1631 352 1658; x_wconf 89' lang='lat' dir='ltr'>ea</span> <span class='ocrx_word' id='word_1_148' title='bbox 363 1630 407 1672; x_wconf 88' lang='lat' dir='ltr'>qua</span> <span class='ocrx_word' id='word_1_149' title='bbox 416 1615 511 1658; x_wconf 74' lang='lat' dir='ltr'>vivimus</span> <span class='ocrx_word' id='word_1_150' title='bbox 521 1620 651 1672; x_wconf 86' lang='lat' dir='ltr'>tempestate</span> <span class='ocrx_word' id='word_1_151' title='bbox 666 1622 753 1660; x_wconf 82' lang='lat' dir='ltr'>exstant</span> 
     </span>
     <span class='ocr_line' id='line_1_20' title="bbox 46 1684 771 1743; baseline 0 -14"><span class='ocrx_word' id='word_1_152' title='bbox 46 1687 110 1742; x_wconf 69' lang='lat' dir='ltr'>adivi</span> <span class='ocrx_word' id='word_1_153' title='bbox 121 1686 240 1730; x_wconf 89' lang='lat' dir='ltr'>monachos</span> <span class='ocrx_word' id='word_1_154' title='bbox 250 1686 314 1729; x_wconf 83' lang='lat' dir='ltr'>invisi</span> <span class='ocrx_word' id='word_1_155' title='bbox 324 1686 508 1742; x_wconf 64' lang='lat' dir='ltr'>interrogavique</span> <span class='ocrx_word' id='word_1_156' title='bbox 521 1684 615 1743; x_wconf 88' lang='lat' dir='ltr'>denique</span> <span class='ocrx_word' id='word_1_157' title='bbox 625 1685 692 1729; x_wconf 90' lang='lat' dir='ltr'>libros</span> <span class='ocrx_word' id='word_1_158' title='bbox 700 1687 753 1729; x_wconf 92' lang='lat' dir='ltr'>mul-</span> <span class='ocrx_word' id='word_1_159' title='bbox 769 1695 771 1699; x_wconf 80' lang='grc'>’</span> 
     </span>
     <span class='ocr_line' id='line_1_21' title="bbox 45 1756 752 1814; baseline 0 -15"><span class='ocrx_word' id='word_1_160' title='bbox 45 1763 77 1799; x_wconf 88' lang='lat' dir='ltr'>tos</span> <span class='ocrx_word' id='word_1_161' title='bbox 93 1758 139 1800; x_wconf 87' lang='lat' dir='ltr'>sive</span> <span class='ocrx_word' id='word_1_162' title='bbox 155 1758 248 1814; x_wconf 69' lang='lat' dir='ltr'>colitiea,</span> <span class='ocrx_word' id='word_1_163' title='bbox 265 1757 311 1799; x_wconf 82' lang='lat' dir='ltr'>sire</span> <span class='ocrx_word' id='word_1_164' title='bbox 327 1756 416 1799; x_wconf 85' lang='lat' dir='ltr'>arabica</span> <span class='ocrx_word' id='word_1_165' title='bbox 431 1756 506 1812; x_wconf 82' lang='lat' dir='ltr'>lingua</span> <span class='ocrx_word' id='word_1_166' title='bbox 522 1757 612 1812; x_wconf 84' lang='lat' dir='ltr'>scriptos</span> <span class='ocrx_word' id='word_1_167' title='bbox 629 1772 657 1799; x_wconf 86' lang='lat' dir='ltr'>ex</span> <span class='ocrx_word' id='word_1_168' title='bbox 674 1757 752 1813; x_wconf 87' lang='lat' dir='ltr'>quibus</span> 
     </span>
     <span class='ocr_line' id='line_1_22' title="bbox 45 1825 752 1884; baseline 0 -14"><span class='ocrx_word' id='word_1_169' title='bbox 45 1827 111 1870; x_wconf 89' lang='lat' dir='ltr'>multa</span> <span class='ocrx_word' id='word_1_170' title='bbox 119 1828 149 1870; x_wconf 89' lang='lat' dir='ltr'>ad</span> <span class='ocrx_word' id='word_1_171' title='bbox 156 1843 230 1870; x_wconf 88' lang='lat' dir='ltr'>meum</span> <span class='ocrx_word' id='word_1_172' title='bbox 237 1827 372 1884; x_wconf 87' lang='lat' dir='ltr'>propositum</span> <span class='ocrx_word' id='word_1_173' title='bbox 379 1827 509 1883; x_wconf 89' lang='lat' dir='ltr'>pertinentia</span> <span class='ocrx_word' id='word_1_174' title='bbox 515 1825 631 1869; x_wconf 81' lang='lat' dir='ltr'>addiscere</span> <span class='ocrx_word' id='word_1_175' title='bbox 638 1829 752 1884; x_wconf 74' lang='lat' dir='ltr'>potuerim,</span> 
     </span>
     <span class='ocr_line' id='line_1_23' title="bbox 45 1896 752 1956; baseline 0.003 -16"><span class='ocrx_word' id='word_1_176' title='bbox 45 1898 131 1942; x_wconf 87' lang='lat' dir='ltr'>assidue</span> <span class='ocrx_word' id='word_1_177' title='bbox 143 1898 226 1955; x_wconf 82' lang='lat' dir='ltr'>collegi.</span> <span class='ocrx_word' id='word_1_178' title='bbox 241 1897 286 1941; x_wconf 93' lang='lat' dir='ltr'>Sed</span> <span class='ocrx_word' id='word_1_179' title='bbox 295 1897 348 1941; x_wconf 90' lang='lat' dir='ltr'>mihi</span> <span class='ocrx_word' id='word_1_180' title='bbox 357 1913 398 1954; x_wconf 89' lang='lat' dir='ltr'>per</span> <span class='ocrx_word' id='word_1_181' title='bbox 409 1896 496 1940; x_wconf 87' lang='lat' dir='ltr'>deserta</span> <span class='ocrx_word' id='word_1_182' title='bbox 506 1899 681 1956; x_wconf 86' lang='lat' dir='ltr'>monasteriaque</span> <span class='ocrx_word' id='word_1_183' title='bbox 691 1914 752 1956; x_wconf 90' lang='lat' dir='ltr'>pere-</span> 
     </span>
     <span class='ocr_line' id='line_1_24' title="bbox 44 1968 753 2027; baseline 0 -16"><span class='ocrx_word' id='word_1_184' title='bbox 44 1971 138 2025; x_wconf 83' lang='lat' dir='ltr'>grinanti</span> <span class='ocrx_word' id='word_1_185' title='bbox 152 1984 210 2026; x_wconf 71' lang='lat' dir='ltr'>saepe</span> <span class='ocrx_word' id='word_1_186' title='bbox 223 1971 247 2011; x_wconf 94' lang='lat' dir='ltr'>in</span> <span class='ocrx_word' id='word_1_187' title='bbox 259 1974 355 2012; x_wconf 87' lang='lat' dir='ltr'>mentem</span> <span class='ocrx_word' id='word_1_188' title='bbox 368 1968 488 2011; x_wconf 84' lang='lat' dir='ltr'>veniebant</span> <span class='ocrx_word' id='word_1_189' title='bbox 502 1983 551 2026; x_wconf 75' lang='lat' dir='ltr'>quae</span> <span class='ocrx_word' id='word_1_190' title='bbox 565 1968 593 2012; x_wconf 93' lang='lat' dir='ltr'>de</span> <span class='ocrx_word' id='word_1_191' title='bbox 607 1971 701 2027; x_wconf 88' lang='lat' dir='ltr'>antiquis</span> <span class='ocrx_word' id='word_1_192' title='bbox 714 1971 753 2012; x_wconf 87' lang='lat' dir='ltr'>AE-</span> 
     </span>
     <span class='ocr_line' id='line_1_25' title="bbox 44 2039 753 2097; baseline 0.001 -14"><span class='ocrx_word' id='word_1_193' title='bbox 44 2041 105 2097; x_wconf 80' lang='lat' dir='ltr'>gypti</span> <span class='ocrx_word' id='word_1_194' title='bbox 118 2040 231 2083; x_wconf 88' lang='lat' dir='ltr'>monachis</span> <span class='ocrx_word' id='word_1_195' title='bbox 235 2074 241 2095; x_wconf 69' lang='lat'><em>7</em></span> <span class='ocrx_word' id='word_1_196' title='bbox 253 2041 305 2083; x_wconf 79' lang='lat' dir='ltr'>sive</span> <span class='ocrx_word' id='word_1_197' title='bbox 313 2040 450 2082; x_wconf 87' lang='lat' dir='ltr'>anachoretis</span> <span class='ocrx_word' id='word_1_198' title='bbox 454 2073 460 2094; x_wconf 83' lang='lat'><em>‚</em></span> <span class='ocrx_word' id='word_1_199' title='bbox 475 2040 522 2082; x_wconf 78' lang='lat' dir='ltr'>sive</span> <span class='ocrx_word' id='word_1_200' title='bbox 537 2039 650 2083; x_wconf 80' lang='lat' dir='ltr'>coenobitis</span> <span class='ocrx_word' id='word_1_201' title='bbox 664 2047 753 2084; x_wconf 89' lang='lat' dir='ltr'>narrata</span> 
     </span>
     <span class='ocr_line' id='line_1_26' title="bbox 45 2110 752 2168; baseline 0.004 -16"><span class='ocrx_word' id='word_1_202' title='bbox 45 2116 95 2152; x_wconf 90' lang='lat' dir='ltr'>sunt</span> <span class='ocrx_word' id='word_1_203' title='bbox 111 2117 132 2153; x_wconf 93' lang='lat' dir='ltr'>et</span> <span class='ocrx_word' id='word_1_204' title='bbox 145 2117 218 2154; x_wconf 77' lang='lat' dir='ltr'>rrtrrrm</span> <span class='ocrx_word' id='word_1_205' title='bbox 233 2110 270 2153; x_wconf 90' lang='lat' dir='ltr'>illa</span> <span class='ocrx_word' id='word_1_206' title='bbox 284 2111 373 2167; x_wconf 87' lang='lat' dir='ltr'>copticis</span> <span class='ocrx_word' id='word_1_207' title='bbox 386 2110 447 2153; x_wconf 86' lang='lat' dir='ltr'>libris</span> <span class='ocrx_word' id='word_1_208' title='bbox 459 2117 590 2168; x_wconf 77' lang='lat' dir='ltr'>congruant,</span> <span class='ocrx_word' id='word_1_209' title='bbox 601 2126 690 2168; x_wconf 88' lang='lat' dir='ltr'>prorsus</span> <span class='ocrx_word' id='word_1_210' title='bbox 702 2128 752 2155; x_wconf 79' lang='lat' dir='ltr'>exa-</span> 
     </span>
     <span class='ocr_line' id='line_1_27' title="bbox 44 2181 335 2225; baseline 0.003 -2"><span class='ocrx_word' id='word_1_211' title='bbox 44 2181 142 2224; x_wconf 87' lang='lat' dir='ltr'>minandi</span> <span class='ocrx_word' id='word_1_212' title='bbox 153 2182 267 2225; x_wconf 90' lang='lat' dir='ltr'>consilium</span> <span class='ocrx_word' id='word_1_213' title='bbox 276 2182 335 2225; x_wconf 76' lang='lat' dir='ltr'>inivi.</span> 
     </span>
    </p>

    <p class='ocr_par' dir='ltr' id='par_1_3' title="bbox 44 2250 752 2452">
     <span class='ocr_line' id='line_1_28' title="bbox 74 2250 752 2311; baseline 0.004 -17"><span class='ocrx_word' id='word_1_214' title='bbox 74 2250 148 2303; x_wconf 71' lang='lat' dir='ltr'>Quum</span> <span class='ocrx_word' id='word_1_215' title='bbox 157 2268 210 2296; x_wconf 82' lang='lat' dir='ltr'>vero</span> <span class='ocrx_word' id='word_1_216' title='bbox 224 2254 248 2295; x_wconf 92' lang='lat' dir='ltr'>in</span> <span class='ocrx_word' id='word_1_217' title='bbox 259 2251 313 2295; x_wconf 84' lang='lat' dir='ltr'>duas</span> <span class='ocrx_word' id='word_1_218' title='bbox 323 2258 397 2309; x_wconf 86' lang='lat' dir='ltr'>partes</span> <span class='ocrx_word' id='word_1_219' title='bbox 408 2258 487 2295; x_wconf 84' lang='lat' dir='ltr'>natma</span> <span class='ocrx_word' id='word_1_220' title='bbox 500 2254 548 2310; x_wconf 87' lang='lat' dir='ltr'>ipsa</span> <span class='ocrx_word' id='word_1_221' title='bbox 558 2253 671 2311; x_wconf 78' lang='lat' dir='ltr'>AEgyptus</span> <span class='ocrx_word' id='word_1_222' title='bbox 685 2255 712 2297; x_wconf 86' lang='lat' dir='ltr'>sit</span> <span class='ocrx_word' id='word_1_223' title='bbox 723 2254 752 2297; x_wconf 91' lang='lat' dir='ltr'>di-</span> 
     </span>
     <span class='ocr_line' id='line_1_29' title="bbox 44 2322 752 2383; baseline 0.008 -21"><span class='ocrx_word' id='word_1_224' title='bbox 44 2322 101 2378; x_wconf 66' lang='lat' dir='ltr'>visa7</span> <span class='ocrx_word' id='word_1_225' title='bbox 118 2339 198 2381; x_wconf 87' lang='lat' dir='ltr'>nempe</span> <span class='ocrx_word' id='word_1_226' title='bbox 215 2325 239 2367; x_wconf 92' lang='lat' dir='ltr'>in</span> <span class='ocrx_word' id='word_1_227' title='bbox 253 2324 378 2367; x_wconf 87' lang='lat' dir='ltr'>inferiorem</span> <span class='ocrx_word' id='word_1_228' title='bbox 393 2338 420 2365; x_wconf 89' lang='lat' dir='ltr'>ac</span> <span class='ocrx_word' id='word_1_229' title='bbox 436 2325 580 2380; x_wconf 79' lang='lat' dir='ltr'>superiorem,</span> <span class='ocrx_word' id='word_1_230' title='bbox 595 2324 752 2383; x_wconf 87' lang='lat' dir='ltr'>Palladiusque</span> 
     </span>
     <span class='ocr_line' id='line_1_30' title="bbox 44 2390 752 2452; baseline 0.007 -19"><span class='ocrx_word' id='word_1_231' title='bbox 44 2390 101 2434; x_wconf 87' lang='lat' dir='ltr'>hanc</span> <span class='ocrx_word' id='word_1_232' title='bbox 112 2392 241 2437; x_wconf 81' lang='lat' dir='ltr'>divisionem</span> <span class='ocrx_word' id='word_1_233' title='bbox 249 2395 273 2437; x_wconf 92' lang='lat' dir='ltr'>in</span> <span class='ocrx_word' id='word_1_234' title='bbox 284 2409 322 2437; x_wconf 88' lang='lat' dir='ltr'>suo</span> <span class='ocrx_word' id='word_1_235' title='bbox 334 2409 399 2452; x_wconf 89' lang='lat' dir='ltr'>opere</span> <span class='ocrx_word' id='word_1_236' title='bbox 410 2399 498 2437; x_wconf 87' lang='lat' dir='ltr'>secutus</span> <span class='ocrx_word' id='word_1_237' title='bbox 509 2396 542 2451; x_wconf 75' lang='lat' dir='ltr'>sit,</span> <span class='ocrx_word' id='word_1_238' title='bbox 554 2394 633 2438; x_wconf 87' lang='lat' dir='ltr'>eadem</span> <span class='ocrx_word' id='word_1_239' title='bbox 643 2397 708 2439; x_wconf 89' lang='lat' dir='ltr'>etiam</span> <span class='ocrx_word' id='word_1_240' title='bbox 715 2396 752 2439; x_wconf 86' lang='lat' dir='ltr'>hie</span> 
     </span>
    </p>
   </div>
   <div class='ocr_carea' id='block_1_3' title="bbox 43 2511 751 2732">
    <p class='ocr_par' dir='ltr' id='par_1_4' title="bbox 43 2511 751 2732">
     <span class='ocr_line' id='line_1_31' title="bbox 75 2511 751 2559; baseline 0.004 -15"><span class='ocrx_word' id='word_1_241' title='bbox 75 2512 89 2542; x_wconf 86' lang='grc'>1.</span> <span class='ocrx_word' id='word_1_242' title='bbox 105 2511 152 2545; x_wconf 82' lang='lat' dir='ltr'>Sunt</span> <span class='ocrx_word' id='word_1_243' title='bbox 167 2513 226 2546; x_wconf 85' lang='lat' dir='ltr'>multa</span> <span class='ocrx_word' id='word_1_244' title='bbox 242 2523 297 2557; x_wconf 86' lang='lat' dir='ltr'>opera</span> <span class='ocrx_word' id='word_1_245' title='bbox 312 2514 383 2556; x_wconf 83' lang='lat' dir='ltr'>syriace</span> <span class='ocrx_word' id='word_1_246' title='bbox 399 2514 467 2557; x_wconf 85' lang='lat' dir='ltr'>scripta</span> <span class='ocrx_word' id='word_1_247' title='bbox 485 2523 518 2556; x_wconf 85' lang='lat' dir='ltr'>per·</span> <span class='ocrx_word' id='word_1_248' title='bbox 535 2512 656 2548; x_wconf 86' lang='lat' dir='ltr'>bibliothecas</span> <span class='ocrx_word' id='word_1_249' title='bbox 671 2514 751 2559; x_wconf 81' lang='lat' dir='ltr'>Europae</span> 
     </span>
     <span class='ocr_line' id='line_1_32' title="bbox 44 2571 751 2618; baseline 0.008 -18"><span class='ocrx_word' id='word_1_250' title='bbox 44 2578 110 2611; x_wconf 80' lang='lat' dir='ltr'>sparsa,</span> <span class='ocrx_word' id='word_1_251' title='bbox 126 2572 150 2604; x_wconf 89' lang='lat' dir='ltr'>ad</span> <span class='ocrx_word' id='word_1_252' title='bbox 164 2571 258 2605; x_wconf 82' lang='lat' dir='ltr'>historiam</span> <span class='ocrx_word' id='word_1_253' title='bbox 275 2572 379 2605; x_wconf 69' lang='lat' dir='ltr'>christianae</span> <span class='ocrx_word' id='word_1_254' title='bbox 395 2582 428 2615; x_wconf 89' lang='lat' dir='ltr'>per</span> <span class='ocrx_word' id='word_1_255' title='bbox 443 2572 515 2615; x_wconf 81' lang='lat' dir='ltr'>Syriam</span> <span class='ocrx_word' id='word_1_256' title='bbox 530 2572 626 2616; x_wconf 81' lang='lat' dir='ltr'>religionis</span> <span class='ocrx_word' id='word_1_257' title='bbox 643 2575 751 2618; x_wconf 86' lang='lat' dir='ltr'>spectantia.</span> 
     </span>
     <span class='ocr_line' id='line_1_33' title="bbox 45 2623 750 2676; baseline 0.01 -17"><span class='ocrx_word' id='word_1_258' title='bbox 45 2627 131 2667; x_wconf 70' lang='lat' dir='ltr'>Qiiaedam</span> <span class='ocrx_word' id='word_1_259' title='bbox 145 2630 194 2663; x_wconf 87' lang='lat' dir='ltr'>edita</span> <span class='ocrx_word' id='word_1_260' title='bbox 206 2634 257 2674; x_wconf 75' lang='lat' dir='ltr'>sunt3</span> <span class='ocrx_word' id='word_1_261' title='bbox 270 2631 359 2676; x_wconf 85' lang='lat' dir='ltr'>pleraque</span> <span class='ocrx_word' id='word_1_262' title='bbox 371 2634 432 2664; x_wconf 84' lang='lat' dir='ltr'>autem</span> <span class='ocrx_word' id='word_1_263' title='bbox 445 2623 561 2665; x_wconf 74' lang='lat' dir='ltr'>inedita&#39;Cf.</span> <span class='ocrx_word' id='word_1_264' title='bbox 573 2632 665 2676; x_wconf 60' lang='lat' dir='ltr'>&amp;caeloque</span> <span class='ocrx_word' id='word_1_265' title='bbox 676 2632 706 2666; x_wconf 81' lang='lat' dir='ltr'>der</span> <span class='ocrx_word' id='word_1_266' title='bbox 714 2645 750 2667; x_wconf 73' lang='lat' dir='ltr'>irra-</span> 
     </span>
     <span class='ocr_line' id='line_1_34' title="bbox 43 2688 518 2732; baseline 0.017 -16"><span class='ocrx_word' id='word_1_267' title='bbox 43 2688 117 2721; x_wconf 72' lang='lat' dir='ltr'>naserits</span> <span class='ocrx_word' id='word_1_268' title='bbox 129 2690 218 2732; x_wconf 72' lang='lat' dir='ltr'>syriaques</span> <span class='ocrx_word' id='word_1_269' title='bbox 231 2689 252 2723; x_wconf 84' lang='lat' dir='ltr'>de</span> <span class='ocrx_word' id='word_1_270' title='bbox 265 2691 283 2723; x_wconf 82' lang='lat' dir='ltr'>la</span> <span class='ocrx_word' id='word_1_271' title='bbox 294 2690 413 2732; x_wconf 65' lang='lat' dir='ltr'>Balatroque</span> <span class='ocrx_word' id='word_1_272' title='bbox 425 2691 518 2724; x_wconf 75' lang='lat' dir='ltr'>nationale.</span> 
     </span>
    </p>
   </div>
   <div class='ocr_carea' id='block_1_4' title="bbox 0 0 914 3169">
    <p class='ocr_par' dir='ltr' id='par_1_5' title="bbox 0 0 914 3169">
     <span class='ocr_line' id='line_1_35' title="bbox 0 0 914 3169; baseline 0 1"><span class='ocrx_word' id='word_1_273' title='bbox 0 0 914 3169; x_wconf 95' lang='lat' dir='ltr'> </span> 
     </span>
    </p>
   </div>
  </div>
 </body>
</html>
