1818 3169
140 312 169 355 54
394 322 589 350 nisronnmusmel.

140 419 197 470 cidi,
213 419 244 460 tot
255 425 294 460 etc.
299 452 305 472 ‚
320 418 399 474 aliique
412 423 511 460 auctores
521 417 563 459 lroc
574 418 614 459 iter
625 431 699 459 omnes
710 416 844 458 confirmant.

141 489 196 541 Quae
210 503 281 544 quum,
290 489 320 529 ita
334 487 385 541 sint,
399 502 480 544 magna
490 488 589 543 exsurgit
600 486 724 541 difficultas7
738 500 790 527 nam
801 486 845 542 qui-

142 571 234 614 cumque
245 557 341 598 animum
352 555 381 598 ad
391 555 553 612 indagationem
560 557 608 598 veri
616 555 763 612 applicaverit⁷
774 556 846 597 statim

140 627 168 669 ab
180 626 213 667 his
225 625 309 668 duobus
321 625 461 682 scriptoribus
472 640 508 667 res
520 624 609 668 easdem
620 624 703 668 eisdem
710 625 757 667 fere
764 624 845 680 verbis,

118 701 125 745 ζ
140 695 168 738 ab
179 695 214 737 illo
224 695 296 750 latine,
310 695 338 737 ab
349 695 391 738 hoo
401 709 473 752 graece
483 695 567 737 narrari
577 696 699 752 perspiciet.
715 694 800 748 Quibus
813 709 845 736 re·
900 723 902 725 -

139 766 182 808 bus
196 765 302 807 adnotatis
315 764 379 807 facile
392 765 415 807 in
427 770 500 807 mente
517 765 610 821 assurgit
625 763 717 806 dubium
732 766 846 821 statimque

140 836 236 877 nascitur
246 835 294 877 haec
307 836 407 891 cogitatio
411 869 416 890 ,
427 834 464 877 vel
477 835 618 890 posteriorem
631 834 708 890 prioris
722 848 796 890 opere,
810 834 847 875 vel

141 911 258 961 utrumque
267 904 344 948 eodem
355 919 381 947 ae
391 905 451 961 prius
461 903 550 960 vulgato
559 918 630 960 opere,
641 918 706 946 usum
716 918 770 946 esse.
782 904 847 946 Hanc

142 974 252 1031 duplicem
262 976 391 1017 sententiam
401 973 556 1016 illustrabimus
568 973 674 1030 exemplo.

170 1044 228 1086 Nam
239 1045 257 1086 si
268 1058 316 1100 quae
327 1043 354 1085 de
364 1043 379 1087 J
381 1058 450 1086 oanne
460 1043 618 1100 Lycopolitano
629 1058 642 1085 a
652 1043 731 1085 Rufino
742 1042 847 1085 Palladio·

142 1128 184 1170 quc
195 1119 311 1155 narrantur
321 1113 400 1169 legeris
404 1147 410 1168 7
421 1112 522 1169 quaedam
533 1119 554 1155 et
566 1114 647 1169 priora,
662 1112 722 1170 apud
731 1119 848 1170 utrumque

141 1184 239 1225 inuenies
251 1181 329 1225 eadem
340 1189 361 1225 et
372 1182 449 1225 eodem
460 1181 535 1224 ordine
547 1178 655 1239 exposita,¹
667 1182 770 1225 uidelicet
782 1184 847 1225 ricto-

142 1254 185 1295 rias
196 1252 225 1295 ad
234 1258 326 1294 mortem
334 1251 452 1294 Theodosii
458 1253 593 1308 imperatoris
603 1251 726 1309 predictas,
734 1253 848 1295 victoriam

142 1312 167 1364 in
175 1322 281 1364 barbaros
290 1336 380 1364 romano
392 1321 442 1364 duci
453 1322 586 1378 promissam,
598 1322 612 1364 J
614 1323 688 1364 oaimis
699 1321 779 1381 agendi
786 1323 848 1364 ratio-

143 1407 195 1434 nem
202 1392 224 1433 in
232 1391 323 1434 militum
330 1391 441 1434 tribimuin
449 1391 548 1448 illiusque
556 1406 655 1447 uxorem,
666 1393 689 1433 in
696 1391 792 1434 mulieris
800 1406 849 1447 quae

144 1463 274 1518 parturierat
285 1475 393 1517 sponsrnn,
404 1462 427 1502 in
437 1461 563 1517 peregrinos
575 1462 611 1517 qui
621 1460 682 1503 illurn
690 1461 849 1503 conveniebant

145 1529 249 1587 quotidie,
263 1544 348 1572 necnon
363 1532 386 1571 in
401 1530 506 1572 senatoris
521 1529 636 1586 cujusdam
648 1544 746 1572 uxorein.
763 1529 849 1583 Quibus

144 1601 225 1656 pariter
237 1601 338 1654 narratis,
353 1613 402 1656 quae
413 1599 454 1642 sibi
464 1601 552 1655 propria
563 1598 689 1641 describunt
699 1599 791 1642 Rufinus
801 1599 849 1642 Pal-

143 1669 258 1725 ladiusque
271 1668 400 1725 illorumque
414 1668 502 1710 diversa
515 1674 547 1711 est
560 1669 664 1723 narratio3
678 1668 741 1711 brevi
754 1683 807 1710 vero
820 1668 850 1710 ad

145 1738 223 1781 eadem
229 1737 328 1781 redeunt.
339 1737 394 1790 Quae
402 1752 438 1780 res
446 1745 470 1780 ut
477 1739 547 1794 inagis
554 1739 671 1794 perspicua
678 1739 711 1794 sit7
717 1738 771 1780 mibi
779 1752 850 1795 operae

144 1809 237 1864 pretium
254 1822 301 1849 esse
315 1807 408 1862 videtin,
425 1807 494 1849 verba
509 1807 583 1849 Rufini
598 1806 734 1863 Palladiique
752 1808 809 1849 inter
827 1821 850 1849 se

145 1876 223 1919 eadem
233 1877 313 1933 pagina
324 1876 429 1918 conferre.

159 1945 215 1987 Haee
220 1945 280 2002 apud
284 1945 497 2001 Rufimnnlegimus:
533 1945 567 1987 Ea
575 1959 627 1988 vero
636 1944 695 2002 apud
702 1944 835 2005 Palladium:

178 2014 279 2070 «Septem
284 2014 364 2056 fuimus
373 2014 436 2056 simul
447 2029 480 2056 co·
548 2013 620 2057 «Cum
633 2029 685 2070 ergo
698 2014 726 2056 ab
741 2029 766 2057 eo
781 2029 851 2057 reces-

145 2085 255 2139 mitantes,
270 2084 306 2139 qui
320 2083 349 2125 ad
362 2098 412 2126 ernn
422 2085 480 2126 veni-
517 2085 601 2139 sissem,
615 2085 666 2126 veni
679 2085 702 2126 iu
715 2083 852 2127 solitudinem

146 2167 194 2194 mus
206 2168 211 2194 τ
223 2167 316 2208 cumque
328 2152 481 2195 salutassemus
516 2154 539 2194 in
548 2153 596 2195 loco
605 2159 713 2208 consueto,
722 2153 769 2195 haec
780 2154 852 2196 omnia

147 2237 203 2278 eum7
210 2223 311 2278 omnique
317 2237 356 2264 nos
364 2222 437 2265 laetitia
445 2238 481 2265 ex·
517 2238 608 2265 narrans
621 2222 691 2265 beatis
700 2223 802 2266 Patribus
816 2226 852 2280 qui

148 2293 245 2348 cepisset,
252 2306 429 2348 unumquemque
434 2307 481 2334 nos-
517 2299 565 2348 post
579 2291 633 2334 duos
645 2307 732 2335 menses
744 2300 853 2336 venerunt

147 2367 204 2403 trum
219 2361 317 2418 gratifice
333 2360 448 2418 alloquitin·
460 2369 482 2405 et
518 2369 539 2405 et
550 2368 600 2405 sunt
610 2377 660 2405 cum
671 2378 696 2405 eo
711 2363 819 2419 collocuti,
830 2365 858 2410 ii-‚

147 2437 236 2488 rogatus
247 2431 384 2487 estanobis7
399 2438 423 2474 ut
437 2446 481 2474 ora·
518 2447 560 2490 que
578 2433 626 2475 haec
646 2433 709 2476 nobis
729 2440 851 2476 narrarunt.

147 2501 228 2543 tionem
238 2501 301 2544 simul
315 2508 336 2544 et
349 2501 481 2545 benedictio·
518 2503 574 2546 Oum
589 2502 619 2546 ad
628 2519 685 2546 eum
699 2505 852 2560 venissemus,¹

179 2596 194 2627 1,
208 2594 265 2638 Supra
277 2595 355 2639 legitur:
363 2606 433 2629 eramus
443 2597 491 2629 enirn
503 2578 572 2640 septem
584 2597 649 2631 fratres
661 2598 754 2641 peregrini
762 2608 826 2631 omnes
833 2599 854 2631 in

148 2653 247 2687 solitudine
259 2653 328 2686 Nitriae.
341 2654 387 2688 Hist.
397 2654 440 2688 laiac.
449 2655 491 2696 ibid,
504 2656 538 2689 col.
548 2657 600 2689 1143.
628 2666 630 2668 ’
