1818 3169
119 325 147 366 70
363 326 365 331 '
374 335 462 363 fflsronrn
471 335 569 361 nnusrncn.

151 428 245 478 «Tribus
255 428 331 469 itinere
340 429 472 483 consumptis
482 427 558 470 [liebus
566 428 589 469 in
596 428 720 485 AEgyptum
727 427 824 482 perueni7

120 512 230 554 quumque
243 496 273 539 ad
285 496 363 539 fratres
374 497 418 538 Dei
431 503 529 540 amantes
543 498 761 555 appropinquassem,
775 511 826 539 cnm

119 568 159 611 illis
170 583 210 626 per
221 566 298 610 decem
309 566 355 610 dies
367 568 439 625 quiete
449 567 527 612 fruitus
539 583 681 627 quacumque
691 566 791 611 videram
799 582 826 610 ac

119 654 196 697 passus
207 654 267 682 eram
277 640 370 682 narrari.
388 634 443 682 lllihi
454 638 558 683 dixerrmt
569 656 574 682 :
585 641 651 697 Vere,
662 640 736 695 frater,
748 639 826 696 dignus

120 725 143 753 es
159 711 196 767 qni
208 724 299 767 magnos
311 724 337 753 ac
350 709 460 767 perfectos
473 710 517 752 Dei
530 725 604 753 servos
617 710 693 754 rideas
705 727 710 753 :
722 709 826 752 charitate

120 782 177 823 enim
188 786 250 822 erant
259 780 318 836 pleni
328 795 355 822 ac
365 785 408 822 toto
420 779 486 823 corde
498 779 596 836 dinaqne
605 780 719 836 disciplina
725 779 775 821 Deo
784 793 827 821 ser·

119 850 214 893 viehant.
227 849 377 906 Quaecrnnque
385 866 398 891 a
407 855 481 892 sancto
489 849 597 892 Benofero
606 849 719 891 audieram
729 849 827 891 scribere

120 919 250 962 festinarrmt
260 934 286 960 ac
296 919 377 961 librum
387 919 416 962 ad
427 919 567 975 Scythiacam
576 921 690 975 regionem
702 920 793 960 missrmr
801 912 828 960 'in

121 988 213 1030 ecelesia
228 989 374 1044 deposuerunt
384 994 408 1029 ut
419 1003 448 1029 ex
457 988 493 1029 illo
503 988 616 1030 utilitatem
630 994 718 1044 caperet
732 988 827 1042 quicum-

121 1071 163 1112 que
174 1056 234 1098 11111111
247 1057 330 1113 legeret
343 1057 380 1098 vel
391 1056 436 1113 legi
449 1057 534 1099 audiret
546 1058 569 1098 111
579 1057 684 1099 honorem
693 1056 783 1098 Domini
791 1070 827 1097 no-

121 1128 159 1169 stri
169 1126 184 1169 J
185 1142 224 1169 esu
234 1126 315 1169 Christi
326 1128 361 1169 cui
370 1127 440 1169 honor
450 1132 471 1169 et
485 1127 552 1184 gloria
565 1128 588 1169 in
601 1126 729 1170 saeculorum
736 1126 827 1170 'saona

121 1197 226 1242 11111611.»Ι

150 1271 206 1314 Haec
217 1277 250 1314 est
259 1270 324 1329 hujus
334 1270 384 1313 libri
395 1285 461 1327 quem
469 1272 555 1328 scripsit
562 1271 697 1328 Paphnutius
706 1271 828 1328 descriptio.

123 1342 198 1396 Qurun
208 1348 280 1385 autem
293 1344 389 1398 primum
399 1341 441 1384 hoc
452 1342 495 1383 iter
506 1342 604 1398 ederem,
621 1344 709 1398 quinam
724 1347 781 1384 esset
793 1341 829 1384 hic

122 1413 259 1470 Paphnutius
269 1414 355 1469 penitus
365 1412 570 1469 ignorabamtnune
577 1428 630 1455 vero
638 1413 730 1455 hlacarii
740 1414 829 1455 senioris
866 1409 868 1411 ³

120 1484 206 1527 ,socium
217 1489 293 1540 quarto
302 1482 380 1525 saeculo
388 1488 437 1540 post
445 1482 555 1526 Christum
562 1483 629 1526 fuisse
638 1484 681 1526 scio
689 1483 763 1540 illique
770 1483 830 1525 laudi

123 1568 213 1596 versum
224 1568 271 1596 esse
283 1552 341 1610 quod
350 1553 429 1595 multos
439 1553 505 1595 libros
517 1553 545 1595 de
555 1553 666 1596 monachis
677 1553 706 1596 ad
715 1553 831 1596 monacho-

72 1635 74 1637 ·
122 1638 172 1665 rum
179 1623 293 1665 utilitatem
301 1624 416 1678 scripserit.
427 1622 477 1664 Non
487 1624 553 1678 igitur
561 1623 620 1678 quod
627 1623 663 1665 alii
670 1623 722 1665 ahos
730 1623 830 1679 hujusce-

123 1691 182 1733 modi
197 1691 263 1733 lihros
281 1693 414 1746 scripserunt
427 1693 505 1732 minnn
521 1697 562 1745 est,
579 1697 601 1732 et
615 1706 692 1746 reapse
708 1690 760 1732 alios
776 1691 830 1732 (luos

121 1752 174 1802 ‘novi
186 1759 274 1817 quidem
286 1774 378 1817 quorum
387 1761 446 1816 prior
455 1759 579 1802 mirandrun
592 1761 633 1802 iter
643 1765 718 1802 narrat
730 1759 831 1802 monaehi

125 1830 239 1888 cujusdam
250 1832 287 1888 qui
297 1844 367 1887 usquc
378 1829 407 1872 ad
414 1830 549 1888 AEthiopiam
556 1832 656 1888 pervenit
663 1836 687 1872 ut
695 1830 831 1873 anachoretae

125 1917 226 1961 suprema
234 1901 338 1945 redderet
346 1901 424 1959 officia,-
433 1909 455 1945 et
461 1904 566 1959 posterior
574 1902 670 1946 breviter
677 1904 700 1946 in
705 1902 831 1961 Oynaxario

126 1980 248 2017 contractus
255 1981 292 2017 est.
298 1975 454 2032 AEgyptiorum
459 1975 524 2031 iginu-
529 1974 685 2017 monachorum
690 1966 776 2032 ingenio
783 1989 831 2017 con-

127 2051 255 2088 sentaneum
263 2051 295 2087 est
302 2045 349 2086 illos
355 2044 440 2085 itinero
448 2044 477 2087 ad
486 2044 583 2087 diversas
592 2046 691 2102 regiones
700 2061 713 2088 a
720 2045 831 2088 monachis

126 2115 234 2158 habitatas
245 2117 363 2171 scripsisse.
381 2115 435 2167 Quae
446 2130 522 2171 opera,
533 2131 592 2157 nnnc
603 2116 723 2172 deperdita⁷
736 2118 796 2158 novit
805 2130 832 2158 ac

126 2186 179 2244 legit
191 2184 302 2228 Palladius
306 2220 312 2241 7
325 2200 376 2228 nam
387 2185 445 2242 qnod
453 2186 500 2243 jam
510 2186 595 2242 pridem
606 2186 710 2243 descripsi
717 2187 765 2244 jam
775 2192 832 2229 ante-

128 2273 193 2314 quam
203 2257 296 2300 Palladii
305 2258 328 2298 in
339 2256 480 2313 Scythiaeam
492 2258 604 2313 regionem
616 2258 718 2313 uenisset7
729 2258 834 2313 scriptum
877 2261 879 2263 ’

126 2328 203 2369 fuerat.
215 2328 270 2369 Mihi
278 2326 367 2383 quidem
374 2327 488 2368 fatendum
496 2333 528 2369 est
539 2342 568 2368 ex
578 2327 626 2382 hoc,
635 2327 694 2383 quod
704 2327 768 2369 modo
780 2327 833 2381 dixi

128 2397 208 2437 itincre
224 2396 306 2438 nullam
320 2397 467 2438 narrationem
482 2396 604 2438 Palladirmt
622 2398 751 2451 sumpsisse3
767 2396 833 2452 hujus

127 2479 179 2505 vero
190 2467 221 2505 rei
231 2466 285 2505 ratio
296 2466 387 2505 inventu
396 2479 440 2505 non
451 2464 545 2505 difficilis
556 2470 598 2518 est3
614 2464 711 2506 Palladio
722 2466 780 2505 enim
789 2479 834 2506 non

129 2547 182 2589 opus
194 2539 255 2575 erant
264 2532 314 2576 lihri
323 2532 434 2589 inquibus
444 2534 522 2576 itinera
532 2547 581 2589 quae
588 2548 701 2590 nunquam
711 2533 835 2576 confecerat

160 2689 175 2719 1.
184 2688 250 2731 Vopope
262 2688 305 2721 d'no
317 2691 372 2730 airoino
384 2689 444 2732 e'pypt„
456 2688 491 2723 loc.
501 2690 537 2730 cit,
550 2701 566 2734 p.
577 2690 652 2722 19-25.
