1818 3169
167 295 195 339 22
422 305 509 333 nisrorn
518 305 617 333 eirenen.

168 411 189 447 et
202 404 336 461 potissimrnn
351 402 378 444 de
391 402 489 445 Macerio
499 402 618 458 Nitriaeque
631 400 743 444 monachis
757 408 778 443 et
792 401 818 442 [le
833 401 873 443 Pa-

168 475 252 518 chomio
271 473 434 528 coenobitisque.
452 472 512 515 Nihil
529 473 607 529 majori
626 486 683 513 curae
702 477 752 514 erat·
766 473 812 513 sive
830 486 873 514 me-

167 544 249 597 nachis,
261 544 307 584 sive
319 542 438 596 coenobitis
451 556 516 597 quam
523 541 624 597 religiosa
631 542 721 583 Patrum
729 556 756 582 ae
764 541 872 596 Fratrum7

168 619 191 654 ut
204 612 298 665 aiebant
312 610 409 651 facinora
422 610 519 651 scribere
533 615 557 650 ut
567 611 745 665 quotiescumque
756 623 794 650 suo
804 609 874 651 indul-

167 695 220 735 gere
230 679 317 734 ingenio
327 677 416 734 quidam
423 677 495 732 vellet,
507 677 543 719 illa
551 677 625 733 legere
634 683 699 734 atquc
707 678 786 720 imitari
793 683 872 734 posset.

167 749 226 791 Hine
241 753 301 791 tanta
318 747 423 789 librorum
439 748 485 789 siue
500 747 523 790 in
537 746 614 790 Nitriae
629 749 774 804 monasteriis,
791 749 837 792 sive
852 749 875 792 111

169 820 261 879 AEgypti
272 820 388 878 superioris
399 818 503 863 eoenobiis
517 820 688 877 conscriptorum
698 820 819 864 nuiltitude.
828 820 875 864 Vix

169 893 282 936 clarissimi
297 893 353 934 inter
367 891 484 934 monaches
497 891 581 946 Patres,
595 890 709 947 Antonius,
725 892 807 934 Paulus
822 892 875 935 Ere-

168 964 230 1018 mita,
246 963 366 1018 Macarius,
382 962 522 1017 Paelromins,
542 960 654 1004 Simithius
669 963 714 1004 uta
729 962 799 1004 functi
814 968 876 1005 erant

170 1048 237 1090 quum
242 1032 327 1074 illormn
334 1031 433 1088 discipuli
439 1046 582 1088 quecumque
587 1031 653 1086 facta,
660 1046 803 1088 quaecumque
811 1031 875 1087 clieta,

170 1116 313 1159 quaecumque
321 1103 375 1155 visa,
384 1100 458 1143 audita
466 1107 503 1143 aut
511 1101 615 1142 memoria
623 1107 707 1142 retenta
715 1100 833 1143 scribenda
841 1117 880 1143 eu·
892 1123 894 1126 ⁴

169 1177 279 1213 naverunt.
291 1170 377 1227 ltaque
386 1185 437 1211 nam
446 1169 547 1224 exempla
557 1170 674 1224 proferam,
685 1170 739 1210 Visa
751 1169 875 1224 discipulus,

170 1254 213 1281 une
228 1245 312 1281 tantmn
329 1239 403 1280 forsan
418 1251 474 1280 anne
483 1243 539 1294 *post
553 1238 650 1294 magistri
665 1242 765 1293 mortem,
785 1237 878 1280 Sinutliii

130 1303 133 1307 ’
170 1311 237 1353 vitam
255 1308 416 1366 diligentissime
425 1307 509 1351 'litteris
527 1313 654 1366 persecutus
671 1313 712 1365 est,
729 1307 878 1360 etPachomii

171 1388 233 1441 gesta
249 1396 277 1424 ex
291 1379 401 1424 Theodori
412 1379 511 1438 discipuli
524 1381 647 1424 narratione
659 1379 784 1439 quindecim
794 1387 878 1425 tanturn

172 1453 249 1510 elapsis
261 1453 322 1495 annis
333 1458 381 1509 pest
391 1452 438 1509 ejus
447 1451 535 1507 ebitmn,
547 1451 670 1495 afratribus
679 1452 790 1495 coenobitis
798 1453 877 1494 invice

171 1523 264 1565 Phboeu
280 1528 403 1579 nmrcupate
421 1523 542 1577 conscripta
558 1527 613 1564 sunt.
632 1521 750 1578 Postquam
767 1528 841 1565 autem
856 1521 878 1564 hi

172 1594 246 1649 magni
256 1592 333 1634 Patres
343 1593 437 1648 vitaeque
450 1591 583 1633 monachicae
597 1590 718 1633 conditores
733 1587 791 1634 diem
805 1606 878 1648 supre-

172 1676 232 1703 mum
240 1661 346 1715 obierrmt,
355 1661 373 1702 si
381 1661 428 1715 quis
438 1659 517 1701 deinde
525 1659 640 1702 virtutibus
649 1661 733 1702 eximiis
743 1661 779 1702 vel
786 1662 878 1716 propriae

172 1731 243 1771 earnis
254 1728 436 1771 macerationibus
447 1735 484 1769 aut
491 1728 595 1784 prodigiis
604 1727 674 1770 clarus
684 1728 798 1783 evadebat,
808 1730 879 1770 statim

171 1797 227 1840 illius
237 1804 286 1854 post
296 1803 388 1840 mortem
398 1797 509 1839 historiam
519 1796 645 1839 scribebant
655 1792 755 1854 aequales
764 1797 838 1855 Atque
849 1799 878 1840 in-

171 1867 258 1911 tertlmn
266 1883 294 1912 ne
302 1882 360 1911 mors
367 1865 456 1926 quidem
464 1866 622 1926 expectabatur
631 1884 636 1911 z
646 1883 675 1911 ex
681 1867 782 1912 Patribus
791 1867 880 1927 quidam

173 1941 219 1984 sive
234 1941 378 1996 narrationem
395 1941 440 1982 sive
457 1940 563 1983 orationes
579 1939 705 1983 scribebant
720 1939 779 1983 1111111
795 1940 880 1984 illorum

173 2018 222 2053 acta
232 2011 268 2053 vel
279 2011 338 2053 (licta
347 2009 444 2067 pendere
455 2003 575 2067 possimus.
588 2009 647 2062 Quin
658 2012 723 2053 etiam
732 2010 796 2053 brevi
807 2026 879 2053 exem-

173 2080 258 2138 plorum
268 2081 322 2123 ratio
330 2079 483 2123 miraculormn
491 2080 643 2136 appetentibus
651 2081 763 2123 monachis
774 2096 818 2123 non
829 2082 880 2123 satis

173 2150 223 2204 fnit,
239 2149 279 2192 secl
290 2151 387 2191 certatim
401 2164 464 2191 sumn
474 2150 586 2205 ingenium
599 2148 628 2191 acl
642 2149 752 2192 fabulosas
768 2164 794 2192 ae
810 2149 880 2205 predi-

173 2220 244 2275 giesas
269 2218 375 2275 quasdam
395 2206 545 2260 'conficiendas
568 2219 701 2260 narrationes
724 2219 879 2275 adjimxerrmt.

125 2276 127 2278 ’
173 2288 274 2344 Namque
285 2288 332 2344 jam
342 2303 356 2329 a
365 2302 433 2343 puero
444 2286 535 2343 Coptitae
544 2287 630 2329 fabulas
641 2287 755 2330 audierant
766 2302 819 2344 quas
830 2288 889 2337 olim

173 2357 313 2399 Plaaraenum
326 2356 403 2399 scribae
413 2362 525 2413 poetaque
541 2358 607 2399 animi
623 2357 746 2399 oblectandi
759 2359 829 2415 gratia
842 2359 880 2400 1111-

174 2433 262 2484 xerant3
270 2427 355 2472 illormn
363 2428 421 2472 enim
428 2433 512 2472 mentes
520 2429 608 2472 minime
618 2444 631 2472 a
640 2427 679 2472 [liis
688 2430 780 2488 antiquis
788 2430 881 2489 AEgypti

175 2499 316 2544 abhorrentes
324 2516 386 2544 novae
394 2501 503 2558 religionis
511 2507 594 2544 tantam]
605 2502 709 2544 extimam
718 2502 810 2545 formam
820 2518 881 2545 acce·

175 2578 252 2628 perant
265 2586 394 2628 semperque
408 2571 488 2614 Osiridi
503 2578 524 2614 et
536 2571 589 2614 lsitli
603 2577 668 2628 atque
683 2572 781 2614 omnibus
794 2579 882 2628 patrum

176 2640 216 2682 uiis
230 2640 323 2682 addictae
337 2647 403 2682 erant.
417 2641 504 2683 Etenim
518 2646 568 2683 ante
583 2642 654 2683 emnia
667 2640 778 2683 scribendi
788 2647 834 2684 arte
844 2656 880 2684 ve-

795 2703 806 2722 fi
