1818 3169
109 317 138 360 64
356 326 550 356 nrsrcrmmusncn.

108 424 192 466 locutus
199 422 305 466 estrerba
311 428 376 480 atque
382 423 423 465 illis
430 422 485 465 dixit
491 440 496 465 :
502 423 550 480 Ego
556 421 691 479 Paphnutius
698 419 814 477 aliquando

109 496 132 537 111
142 500 215 537 mente
225 508 275 535 mea
286 493 399 535 consilium
409 494 462 535 inivi
472 499 496 535 ut
505 493 608 535 interiora
618 491 698 534 deserti
711 492 815 533 intrarem

110 569 175 620 atque
185 569 301 619 utrumque
311 562 326 605 J
328 577 367 604 esu
377 561 457 604 Christi
470 562 501 604 ibi
512 561 601 619 quidam
614 576 691 604 servus
706 567 768 615 esset,
780 575 816 602 an-

108 647 158 686 non,
164 631 269 674 viderem.
279 631 378 683 Quatuor
387 631 464 673 dicbus
472 632 513 673 iter
520 631 569 686 feci,
578 647 619 673 nec
627 630 765 686 manducavi
774 644 815 671 nec

108 700 160 743 bibi.
172 700 215 742 Dic
224 707 301 757 quarta
311 700 439 757 speluncam
449 699 508 742 adim'
517 689 549 755 et,¹
556 706 673 756 antequam
684 702 706 742 in
716 699 775 741 illam
785 701 815 741 in-

109 769 211 812 cederem
215 804 221 824 ⁷
236 784 264 812 ex
274 770 366 812 fratrum
376 785 436 812 more
448 770 525 811 ostium
535 769 621 825 pulsavi
631 774 655 811 ut
664 769 732 811 frater
745 770 816 810 exiret

108 838 212 894 illumque
222 839 276 881 mihi
286 838 388 895 amplecti
397 838 479 881 liceret.
494 837 569 890 Quum
581 852 633 879 vero
646 852 716 893 usque
730 837 759 879 ad
772 853 815 879 me-

110 907 169 950 diam
175 914 263 950 noctem
270 908 358 964 pulsans
366 922 543 964 perseverassem
550 907 646 963 mihique
654 922 718 949 nemo
728 922 816 963 respon-

110 992 159 1019 sum
170 976 272 1032 dedisset)
282 984 335 1019 tunc
345 979 402 1019 intra
412 993 447 1020 me
459 977 515 1018 dixi:
522 977 607 1019 Forsan
616 976 688 1018 nullus
700 982 732 1018 est
742 978 765 1018 in
774 976 815 1017 hoc

109 1046 157 1088 loco
171 1046 244 1088 frater.
260 1046 375 1103 ingressus
389 1061 442 1088 rere
457 1061 505 1088 sum
518 1048 541 1088 in
549 1046 610 1088 ,hanc
624 1045 758 1103 speluncam,
773 1045 816 1088 alta

110 1130 172 1173 voce,
184 1131 251 1173 quum
261 1116 410 1174 procederem,
423 1115 621 1159 exclamanszlrihi
631 1115 732 1173 benedic7
742 1116 816 1159 frater.

111 1186 185 1240 Quum
195 1188 306 1244 ingressus
318 1202 389 1230 essem
400 1193 421 1230 et
432 1188 490 1230 circa
500 1202 535 1230 me
547 1188 619 1230 omnia
627 1188 694 1230 oculis
702 1187 817 1244 perlustra-

110 1260 198 1314 vissein,
208 1258 298 1301 fratrem
308 1258 421 1301 sedentem
428 1274 454 1301 ac
462 1264 573 1301 tacentem
581 1258 684 1315 adspexi:
691 1259 763 1301 statim
773 1274 816 1301 ma-

110 1345 163 1371 num
170 1345 242 1371 meam
251 1329 338 1371 admovi
344 1330 470 1386 atqueillius
476 1329 591 1371 brachium
597 1328 752 1386 comprehendi
758 1329 817 1385 quod

111 1401 133 1441 in
144 1399 257 1456 pulverem
267 1400 290 1441 in
300 1415 366 1442 manu
375 1415 424 1442 mea
433 1415 563 1442 conversum
571 1406 609 1442 est.
621 1400 701 1442 Totum
708 1399 764 1442 illius
772 1414 816 1441 cor-

113 1484 154 1525 pus
164 1469 253 1525 palpari
263 1469 366 1526 illumque
377 1471 399 1511 in
409 1469 560 1527 hujuscemodi
571 1476 628 1512 statu
639 1485 667 1512 ex
677 1470 751 1512 mortis
764 1475 817 1511 tcm-

98 1532 100 1534 ’
111 1554 163 1595 pore
174 1541 304 1581 remansisse
315 1540 418 1582 intellexi.
432 1539 506 1582 Oculis
518 1542 576 1582 circa
586 1555 622 1582 mc
632 1540 680 1582 loca
690 1540 780 1582 lustrari
791 1555 817 1581 ac

112 1623 241 1664 suspensam
250 1608 296 1650 uidi
304 1609 412 1664 paenulam
421 1623 469 1665 quae
477 1609 615 1665 apprehensa
621 1610 645 1651 in
652 1609 753 1651 manibus
763 1610 817 1650 meis

111 1679 165 1719 cinis
175 1678 234 1720 facta
245 1684 277 1720 est
285 1694 290 1720 ι
298 1684 351 1720 tunc
362 1680 448 1720 surrexi
458 1680 550 1734 stetique
560 1693 637 1735 preces
649 1678 765 1735 ejaculans
777 1685 817 1721 sto-

110 1747 154 1788 lam
165 1750 208 1802 qua
218 1746 306 1789 indutus
318 1762 377 1789 eram
388 1748 547 1803 apprehensam
559 1747 661 1789 cadaueri
675 1747 816 1802 circumdedi,

110 1822 190 1857 terram
200 1815 252 1871 fodi,
264 1830 342 1871 corpus
353 1815 458 1858 abscondi
469 1816 563 1873 hincque
575 1816 670 1858 discessi.

142 1885 184 1926 «ln
195 1884 281 1927 deserta
291 1884 339 1927 loca
349 1887 427 1927 iteriun
440 1887 554 1941 penetrari
567 1886 675 1941 aliamque
690 1885 817 1941 speluncam

110 1954 190 1995 inveni.
206 1953 280 2005 Quum
293 1959 343 1995 ante
357 1954 468 2009 speluncae
480 1956 604 2010 ingressum
616 1954 712 1997 humana
724 1956 817 2011 vestigia

112 2022 263 2078 adspexissem
273 2022 302 2065 ad
313 2038 335 2065 os
346 2038 420 2065 meum
431 2023 548 2067 exsultavit
559 2040 596 2066 eor
607 2040 633 2067 ac
643 2024 755 2082 paululum
768 2040 817 2067 con-

112 2092 164 2136 sedi.
179 2093 243 2136 Tune
258 2108 358 2150 egressus
372 2109 420 2137 sum
434 2109 460 2137 ac
474 2093 520 2137 dixi
532 2111 537 2137 :
549 2093 650 2148 Quonam
663 2102 759 2153 tempore
773 2095 817 2138 huc

111 2164 214 2207 adveniet
224 2179 300 2207 servus
308 2164 367 2207 Dei?
379 2171 400 2207 et
410 2171 460 2208 ante
467 2166 559 2223 januam
569 2168 664 2209 remansi
671 2181 740 2223 usque
749 2166 778 2210 ad
786 2182 817 2210 so-

111 2234 136 2277 lis
146 2234 260 2278 meridiem
270 2251 347 2278 versus
358 2235 496 2292 adscensum,
508 2251 573 2294 super
583 2236 651 2294 pedes
661 2252 721 2280 meos
732 2239 781 2280 steti
791 2253 817 2280 ac

112 2305 149 2347 diu
159 2307 284 2348 memoriter
294 2321 371 2363 preces
383 2306 456 2349 effudi.
471 2307 550 2349 Postea
554 2341 560 2364 7
576 2323 643 2364 quum
656 2308 687 2350 sol
701 2323 817 2351 occasurus

112 2382 177 2430 esset,
194 2377 340 2432 circumspexi
357 2383 378 2418 et
392 2392 403 2418 c
416 2376 534 2433 longinquo
549 2378 681 2419 bubalorum
696 2385 818 2420 armentum

60 2481 61 2484 ,
111 2444 167 2499 ridi⁷
180 2446 236 2487 inter
248 2459 301 2501 quos
311 2445 429 2488 incedebat
441 2445 513 2489 haten
529 2446 602 2500 Quum
616 2448 816 2504 appropinquasset,

112 2512 171 2556 illum
183 2529 230 2557 esse
240 2514 324 2558 nudum
335 2515 479 2560 animadverti
486 2534 490 2559 :
497 2517 567 2560 virilia
576 2517 658 2574 capillis
666 2518 763 2561 latebant
772 2525 817 2561 tan-

113 2599 178 2640 quam
191 2587 275 2628 restitu.
292 2585 366 2639 Quum
379 2587 408 2629 ad
421 2603 456 2629 me
468 2590 614 2644 pervenisset,
624 2595 685 2630 metu
695 2595 771 2645 captus
781 2604 817 2631 me

112 2651 240 2711 phantasma
252 2670 298 2697 esse
310 2656 413 2699 credidit:
423 2672 510 2713 gressus
518 2658 567 2699 fixit
575 2672 601 2700 ac
609 2664 710 2715 precatus
719 2665 758 2714 est,
766 2674 818 2700 nam
