1818 3169
298 312 387 341 nrsroan
395 312 493 340 11111111.
724 300 751 343 37

45 412 95 466 scio,
106 410 136 451 mi
146 408 197 451 fili.»
210 434 239 439 —
247 407 286 450 Ille
297 422 350 450 vero
361 407 475 450 Anatolius
486 424 491 450 :
504 407 630 461 «Quantum
641 408 668 450 sit
678 408 701 449 in
710 406 752 449 illis

45 488 66 535 te
77 480 133 522 scire
144 480 227 536 cupio.»
237 478 396 535 —Respondit
406 494 475 522 senex
484 495 489 521 ε
501 479 552 522 <dile
563 480 599 522 cui
609 478 657 521 haec
668 477 753 520 donasti

44 566 88 594 non
98 564 188 593 necesse
198 549 266 592 habet
273 549 357 592 illorum
366 550 508 606 quantitatem
516 551 591 593 scire.»
603 549 633 593 Et
641 564 709 606 quinn
716 547 753 591 illa

46 621 189 678 deposuisset,
203 619 257 671 abiit
266 618 381 663 Anatolius
395 626 416 663 et
430 619 579 663 sacerdotibus
591 620 676 677 inquit:
687 618 753 661 «Non

46 708 73 735 ex
86 690 127 733 illis
143 705 197 747 quas
210 690 271 740 attuli
286 689 364 733 divitiis
378 696 424 734 tam
436 690 529 748 profecit
542 691 615 733 anima
625 705 675 733 mea
686 703 753 747 quam

46 778 74 805 ex
83 761 149 819 hujus
160 762 218 804 senis
228 761 309 818 agendi
318 762 401 804 ratione
413 761 594 818 abstinentiaque,
608 775 660 803 nam
669 775 705 803 me
715 760 753 803 ha-

45 832 92 875 buit
103 833 165 889 quasi
172 837 257 875 tantum
267 847 335 874 unum
346 831 461 874 denarimn
470 831 501 873 1111
515 830 660 873 obtulissem.»
673 829 752 873 Abbas

44 917 97 945 vero
107 902 176 944 Pamo
188 917 217 944 ex
230 897 293 944 bonis
307 901 409 957 operibus
424 917 450 943 ac
462 900 588 944 humilitatis
602 899 753 957 magnitudine

47 972 145 1015 omnibus
155 972 258 1015 fratribus
270 972 469 1015 erat'admirationi.
484 971 520 1013 De
534 970 570 1013 illo
585 972 650 1013 etiam
663 976 754 1013 narrant

48 1040 143 1098 quodam
151 1040 186 1084 die
195 1041 223 1084 ab
232 1041 351 1084 Athanasio
360 1041 441 1084 abbate
449 1042 579 1084 accersitmn
586 1040 647 1083 illum
657 1039 754 1083 Alexan-

48 1111 118 1154 driam
128 1111 250 1167 ingressmn
261 1125 315 1153 esse.
333 1109 407 1163 Quum
417 1125 470 1153 uero
480 1111 592 1167 ingressus
603 1116 669 1166 esset,
680 1110 754 1153 mulie-

46 1196 93 1224 rem
97 1180 152 1223 vidit
158 1181 249 1223 scenicis
255 1180 312 1223 ludis
318 1180 429 1224 addictam
435 1195 483 1238 quae
488 1182 605 1238 magnifice
611 1186 687 1223 ornata
695 1187 753 1224 erat:

26 1299 29 1303 ,
47 1251 155 1308 extemplo
168 1250 280 1308 lacrymas
294 1250 399 1294 fnderrmt
412 1251 468 1293 illius
480 1251 542 1293 oculi.
555 1250 630 1304 Quum
639 1251 679 1293 has
690 1250 755 1293 vidis-

48 1327 95 1364 sent
108 1321 186 1364 fratres
200 1322 237 1378 qui
250 1321 311 1363 illum
322 1321 481 1364 comitabantur
491 1320 522 1363 illi
532 1320 636 1363 dicerunt
647 1337 652 1363 :
666 1322 755 1376 «Pater,

47 1398 67 1434 te
83 1391 234 1448 deprecamin,
248 1391 311 1433 nobis
325 1391 364 1434 has
378 1391 487 1448 lacrymas
503 1390 599 1434 edissere
616 1406 711 1448 quanam
726 1391 754 1434 de

49 1476 114 1504 causa
129 1461 245 1504 defluant»
257 1487 287 1492 —
296 1461 337 1504 1111
349 1477 402 1504 vero
416 1460 545 1519 respondit:
559 1461 669 1504 «Duobus
683 1463 754 1504 causis

16 1586 19 1590 ,
49 1546 195 1587 commovear,
206 1533 307 1588 primum,
316 1531 372 1574 illius
383 1533 461 1574 animae
470 1546 536 1589 quam
545 1547 604 1574 nunc
611 1531 677 1574 rideo
684 1531 757 1589 perdi-

48 1602 115 1657 tione,
130 1600 252 1644 secundum
264 1616 317 1644 vero
332 1602 383 1658 quia
396 1603 469 1644 anima
482 1603 567 1658 ingrata
578 1617 628 1645 mea
637 1616 682 1645 non
691 1602 757 1660 hujus

48 1672 166 1713 meretricis
184 1671 346 1714 similitudinem
360 1686 387 1714 ac
401 1678 501 1714 orna-tum
517 1673 619 1728 sumpsit,
633 1687 676 1715 nec
690 1673 757 1717 virtu-

48 1747 94 1783 tum
104 1742 182 1784 ornatu
189 1756 213 1784 se
220 1742 314 1796 vestivit,
323 1757 364 1784 nec
372 1737 421 1785 Deo
431 1748 452 1784 et
461 1742 544 1798 angelis
554 1742 642 1799 placere
653 1741 755 1785 studuit.»

49 1810 84 1853 De
93 1810 198 1868 discipulo
206 1826 262 1854 ¹vero
275 1812 312 1868 qui
319 1811 385 1853 valde
394 1812 417 1854 in
424 1813 518 1868 pecimia
526 1811 596 1854 fidelis
604 1812 651 1867 fuit,
659 1811 690 1854 illi
696 1827 758 1855 reve-

48 1879 115 1923 latum
121 1887 153 1924 est
159 1880 527 1937 11111111111111111111161111,Ε111111
533 1881 639 1938 discipuli,
645 1881 756 1925 delectari.

50 1950 112 1994 Tunc
123 1966 166 2008 apa
173 1952 241 1994 Pamo
251 1951 336 1994 diuitias
346 1966 399 2009 queis
408 1951 510 1994 attulerat
517 1950 631 1994 Anatolius
641 1952 758 2009 praefectus

52 2023 136 2079 aceepit
149 2022 241 2080 illasque
255 2011 390 2065 adolescenti
404 2022 491 2065 cuidam
501 2022 599 2078 tradidit,
613 2024 700 2065 nomine
712 2022 758 2065 Ori-

50 2093 108 2146 geni,
124 2093 161 2149 qui
174 2092 288 2150 hucusque
302 2093 358 2135 uixit
376 2098 397 2134 et
413 2092 465 2135 huic
482 2107 554 2150 operae
570 2106 618 2149 quae
632 2092 662 2134 illi
677 2109 691 2135 a
706 2108 759 2135 sene

51 2159 101 2203 data
110 2177 134 2205 se
144 2161 261 2219 impendit,
276 2177 356 2219 nempe
369 2177 444 2205 rermn
455 2162 616 2220 dispensationi.
630 2163 670 2205 Ille
681 2165 704 2205 in
715 2163 759 2205 Do-

50 2231 107 2273 mino
118 2231 160 2275 sibi
170 2246 228 2289 saepe
240 2232 402 2289 congratulatus
414 2238 452 2288 est,
464 2232 526 2275 nobis
538 2232 612 2275 dicens
622 2249 627 2275 :
639 2233 699 2274 «Nec
711 2247 758 2288 ego,

39 2313 91 2342 -nec
101 2302 145 2344 mei
155 2301 194 2345 filii
204 2316 285 2359 panem
293 2301 388 2345 alienum
397 2301 517 2344 comedisse
525 2303 606 2344 conscii
614 2317 689 2345 sumus
695 2318 700 2344 z
706 2301 759 2344 nihil

50 2369 91 2411 nisi
99 2370 157 2427 quod
167 2377 240 2414 nostro
251 2371 326 2414 labore
338 2386 550 2428 comparaveramus,
561 2373 698 2414 1111111111.»
710 2371 760 2414 Hoc

51 2439 115 2482 ctiam
126 2441 183 2498 egit:
192 2440 246 2484 nulli
256 2442 312 2484 inter
322 2440 420 2484 homines
428 2441 526 2498 juniores
537 2441 621 2498 aliquid
631 2456 660 2484 ex
674 2441 760 2498 dispen-

51 2510 132 2554 satione
143 2510 213 2567 dedit,
228 2511 268 2554 sed
278 2510 413 2554 solummodo
424 2510 513 2554 senibus
522 2512 657 2569 pauperibus
667 2527 694 2555 ae
701 2512 760 2555 infir-

51 2579 90 2620 mis
101 2580 180 2636 quibus
191 2596 271 2638 panem
282 2581 323 2624 sibi
334 2596 461 2638 comparare
475 2581 536 2624 haud
548 2582 662 2638 possibile,
675 2596 761 2625 monas-

52 2649 99 2690 terii
112 2665 165 2693 vero
179 2653 212 2694 sui
225 2651 350 2694 hominibus
363 2651 417 2694 nihil
431 2666 460 2694 ex
474 2651 553 2695 divitiis
568 2666 617 2709 quae
630 2652 690 2710 apud
699 2652 761 2695 illum
