1818 3169
201 311 214 353 6
456 322 544 350 1115101111
553 322 650 350 trusum.

201 425 318 475 assumpta,
330 419 424 475 primum
434 417 523 475 quidem
535 418 562 461 de
571 418 679 461 inferioris
687 419 780 476 AEgypti
787 419 907 475 monachis,

200 496 247 532 tum
262 490 289 544 de
303 490 418 545 superioris
431 490 525 546 AEgjpti
539 504 578 531 seu
591 489 717 532 Thebaidos
731 489 867 532 anachoretis
881 505 908 532 ac

202 560 315 601 coenobitis
329 558 440 601 disseram.
448 562 459 586 ¹·
470 559 496 601 In
512 565 604 615 utraque
617 566 679 616 parte
693 576 721 602 an
735 574 784 616 qua
797 560 908 603 Palladius

202 630 312 686 scripserit
327 630 383 671 inter
399 643 422 671 se
437 628 560 672 cohaereant
574 631 702 687 scriptisque
719 631 817 688 eoptieis,
834 646 903 673 551111

201 703 249 757 ipsa
259 701 348 756 regione
359 700 461 755 exaratis,
474 706 595 756 congruant
605 700 746 757 perpendam,
759 703 833 759 sieque
843 701 908 745 facile

142 771 144 774 ’
201 771 312 813 videbitur
323 770 402 828 quibus
413 786 442 813 ex
451 770 546 813 fontibus
557 770 654 813 hauserit
664 771 774 815 Palladius
786 787 834 829 quae
843 774 908 830 scrip-

203 843 260 897 serit,
271 856 357 884 necnon
368 855 416 898 quae
427 840 481 883 fides
493 842 520 883 sit
531 842 550 883 ei
560 841 682 884 tribuenda.

493 1030 581 1080 Caum
599 1032 627 1082 Ι..

234 1183 257 1226 Si
273 1185 320 1239 quis
335 1184 424 1239 triginta
440 1189 524 1239 septem
538 1184 611 1239 priora
627 1182 736 1224 Historia
753 1183 860 1225 lcursiacae
876 1200 902 1227 ea

204 1256 249 1311 pita
261 1254 348 1310 legerit,
363 1242 429 1295 facile
441 1252 475 1294 his
490 1253 596 1310 capitibus
611 1268 685 1295 omnes
700 1268 754 1310 quos
768 1256 853 1297 noverit
867 1270 902 1297 mo

204 1324 287 1366 nachos
297 1323 404 1365 inferioris
412 1323 505 1379 AEgypti
513 1338 540 1365 ae
548 1322 672 1380 Seytlriacae
682 1325 777 1380 regionis
788 1340 802 1366 a
811 1324 907 1367 Palladi

205 1399 341 1436 enumeratos
355 1392 422 1435 fuisse
435 1391 600 1449 anmadvertet,
615 1407 708 1450 quorum
718 1393 754 1436 vel
764 1394 818 1437 vitia
831 1393 907 1451 probru

205 1464 291 1518 affecta,
302 1463 338 1505 uel
348 1464 438 1505 virtutes
449 1462 551 1505 laudibus
563 1469 613 1505 sunt
623 1463 690 1505 elatae.

235 1532 259 1575 Si
274 1533 357 1582 auctori
373 1531 462 1588 quidam
474 1531 530 1574 fides
546 1538 579 1575 551
594 1531 729 1588 adhibenda,
746 1532 806 1575 haud
821 1532 890 1576 dubiu

205 1603 258 1646 milri
265 1602 352 1645 videtin·
363 1603 416 1659 quin
423 1601 534 1644 Palladius
543 1617 571 1644 ex
579 1603 672 1645 narratis
679 1602 784 1659 pleraque
793 1604 836 1646 suis
845 1603 909 1646 oculi

191 1688 193 1691 ·
205 1675 252 1730 ipse
264 1673 407 1729 perspexerit,
420 1686 468 1728 qum
478 1686 522 1714 non
532 1671 611 1714 viderit
621 1671 649 1714 ab
661 1672 708 1714 aliis
719 1674 756 1729 qui
766 1672 868 1715 viderant
878 1688 905 1715 ae

206 1744 294 1800 ceperit.
302 1742 369 1786 Unde
377 1742 434 1784 hane
446 1743 516 1799 operis
527 1743 560 1784 sui
570 1748 656 1802 partem
666 1749 750 1785 suomet
757 1744 845 1799 ingenio
852 1743 884 1785 1111

207 1814 332 1856 exaravisse
343 1812 396 1855 mihi
407 1812 508 1869 colligere
519 1812 576 1868 licet,
586 1827 711 1869 quanquam
721 1812 804 1855 ibidem
812 1812 890 1870 quaeda

207 1885 287 1940 scripta
302 1883 443 1925 inveniuntru
457 1896 505 1939 51115
521 1881 581 1939 apud
594 1882 699 1925 Rufinum
712 1897 798 1940 quoque
813 1882 906 1940 legimus

207 1953 274 2010 Cujus
282 1967 335 1995 vero
346 1966 401 1995 meae
412 1953 523 1994 sententiae
531 1966 590 1994 nunc
599 1951 711 1995 offerenda
719 1958 769 1995 sunt
777 1958 906 2010 argumenta

236 2024 263 2065 In
275 2024 347 2079 priore
361 2021 470 2063 Historiae
485 2021 591 2063 lutosiuc'ae
607 2028 669 2078 parte
685 2022 754 2065 multa
770 2024 850 2079 scripta
863 2037 905 2065 51111

208 2106 256 2150 51115
269 2091 393 2134 Palladium
407 2093 479 2148 ipsum
495 2097 599 2148 spectant.
616 2090 713 2134 Auetor²
727 2093 785 2135 enim
800 2093 847 2149 ipse
863 2107 909 2135 sua

239 2212 253 2242 1.
267 2209 303 2242 Hic
315 2208 415 2241 notandum
428 2219 464 2252 quo
476 2208 549 2241 facilius
561 2208 676 2252 intelligatur
688 2209 731 2242 ordo
744 2219 755 2242 a
767 2209 851 2243 Palladio
863 2220 907 2253 oper

207 2269 302 2311 impositus
311 2267 386 2310 AEgypti
398 2270 459 2310 partes
471 2267 509 2299 fere
522 2277 598 2310 semper,
611 2271 632 2299 ut
643 2268 670 2299 ita
678 2267 742 2308 dicam,
755 2269 844 2313 variasse3
856 2268 904 2301 lecto

208 2330 269 2360 autem
282 2326 327 2358 mihi
339 2325 428 2358 concedat
440 2328 460 2358 ut
472 2326 505 2358 sub
514 2326 605 2358 inferioris
614 2326 691 2369 AEgypu
704 2327 778 2359 nomine
791 2337 864 2360 omnem
876 2326 907 2370 pla

208 2386 273 2418 nitiem
287 2385 344 2428 vulgo
359 2385 413 2418 Delta
428 2384 453 2417 clu
469 2385 500 2417 Nil
518 2388 643 2429 nuncupatam
662 2385 824 2429 comprehendam,
844 2386 909 2430 subqu

209 2444 273 2476 mediae
282 2444 358 2487 AEgypti
369 2443 494 2487 appellatione
503 2453 575 2476 omnem
587 2444 682 2487 regionem
694 2455 705 2477 a
717 2444 844 2488 Pyramidibus
856 2455 909 2488 usqu

209 2502 232 2535 ad
238 2502 354 2546 Lycopolim3
361 2503 451 2546 AEgyptus
458 2506 520 2535 nutem
529 2504 611 2546 superior
619 2502 729 2550 aLycopoli
737 2513 795 2547 usque
804 2503 827 2536 ad
836 2502 896 2547 Syene

209 2563 229 2594 iu
244 2561 378 2605 longitudinem
398 2562 491 2595 excrescit.
507 2581 530 2585 —
546 2563 562 2595 2.
575 2562 631 2595 Hune
646 2565 739 2595 auctorem
756 2572 795 2595 esse
810 2562 909 2595 Palladia.

210 2631 273 2654 omnes
285 2620 381 2663 affirmant,
394 2625 413 2654 et
425 2621 499 2665 quidem
511 2626 561 2655 recte
574 2621 639 2655 fecisse
651 2621 696 2654 mihi
710 2621 803 2664 videntum
816 2632 877 2665 neque
889 2625 908 2655 ta

209 2691 252 2713 men
263 2689 305 2713 mea
320 2680 419 2723 quidquam
435 2680 491 2714 refert
505 2680 557 2713 illum
570 2684 663 2714 auctorem
675 2680 779 2713 Palladium
795 2691 859 2714 revera
875 2691 909 2714 ess
