1818 3169
304 334 392 362 HISTORIA
401 334 499 362 Laosmcn,

50 428 125 484 luistis,
138 443 188 471 cum
197 443 236 471 nos
246 444 271 471 eo
279 444 349 486 usque
357 431 387 486 pi·
410 471 412 475 Α

51 500 114 555 gritia
135 497 262 556 desidiaque
284 498 387 543 constrin-

51 574 97 626 gat,
108 574 132 611 ut
144 583 187 611 neo
201 569 289 612 cellulas
302 577 387 614 nostras

50 638 153 696 progredi
163 638 288 682 audeamus.
295 640 386 683 Verum-

51 710 387 767 tamenquoniamputatisinno-
424 742 427 748 ,

51 779 84 821 bis
96 793 143 821 esse
154 778 242 835 aliquid,
252 795 281 822 ex
290 796 332 837 quo
340 796 387 838 pro-

51 849 118 890 ficere
130 847 228 891 debeatis
238 849 280 892 hoo
293 852 388 906 primum

51 916 113 958 vobis
121 911 263 961 indicandum
269 925 307 974 est,
314 925 339 961 ut
345 919 388 961 1100

51 988 123 1043 ipsum
135 987 194 1043 quod
204 989 293 1030 venistis
307 987 336 1030 ad
348 1004 388 1031 nos

52 1063 73 1099 et
87 1062 172 1100 tantrmr
186 1057 285 1100 laborem
297 1057 388 1115 videndi

51 1141 90 1168 nos
100 1129 230 1183 suscepistis,
241 1143 270 1169 ne
277 1128 388 1184 jacta-ntiae

52 1196 144 1253 alicujus
153 1196 235 1240 habeat
242 1203 388 1254 prospectum,

52 1271 76 1307 ut
88 1280 132 1307 non
144 1272 190 1309 tam
202 1267 309 1323 proficere
322 1269 388 1312 animi

51 1337 154 1378 virtutem
168 1350 239 1392 quam
247 1336 350 1392 praeferre
364 1351 388 1378 se

51 1411 75 1446 et
86 1406 172 1461 jactare
187 1407 336 1462 unusquisque
351 1421 388 1448 re-

53 1480 121 1516 strum
130 1474 192 1529 velit,
203 1489 242 1530 pro
254 1489 279 1516 eo
291 1474 349 1531 quod
358 1477 389 1516 vi-

53 1542 110 1585 derit
123 1545 208 1600 eosqui
221 1543 281 1604 apud
294 1543 346 1587 alios
361 1558 390 1586 ex

53 1612 129 1655 auditu
146 1613 189 1655 solo
206 1615 285 1670 cogniti
301 1613 390 1656 videa-n-

52 1684 120 1725 tur.»1

82 1775 120 1817 Ex
127 1775 160 1818 ln's
169 1775 222 1832 quid
230 1775 390 1832 colligendum?
401 1776 474 1818 Primo
482 1790 517 1818 res
529 1775 618 1818 casdem
627 1776 674 1818 fere
684 1775 762 1818 iisdem

53 1846 127 1888 verbis
140 1845 245 1889 Rufinum
257 1845 423 1903 Palladiumque
436 1861 535 1901 narrare,
549 1845 609 1902 apud
618 1860 761 1902 untmrquem-

55 1930 97 1974 que
107 1922 181 1959 tamen
190 1917 283 1959 inveniri
293 1930 342 1974 quae
350 1916 409 1974 apud
417 1916 510 1959 alterum
518 1915 675 1959 desiderantur.
688 1915 763 1969 Quum

55 2001 84 2028 ex
98 1986 177 2029 Rufino
191 2002 235 2029 non
249 1988 393 2044 comperimus
408 1988 497 2043 quinam
510 1982 579 2029 sintii
593 1992 678 2043 septem
689 2001 763 2029 mona-

56 2057 92 2100 chi
103 2058 140 2114 qui
149 2058 209 2101 viam
219 2059 363 2115 susceperint3
374 2057 434 2114 apud
441 2057 565 2100 Palladium
574 2063 654 2114 tamen,
663 2057 686 2100 hi
696 2058 763 2100 uiato-

55 2143 91 2170 res
104 2133 273 2186 narratoresque
287 2130 320 2171 sui
334 2134 383 2171 sunt
398 2127 575 2184 contubernales,
586 2127 697 2171 Palladius
710 2142 763 2171 vero

55 2199 96 2241 iter
105 2198 148 2241 hoc
157 2214 201 2242 non
209 2201 311 2256 suscepit,
323 2214 390 2256 quum
394 2199 443 2257 jam
450 2200 533 2256 primus
541 2198 571 2242 ad
578 2198 708 2257 Lycopolirn
715 2213 763 2255 pro·

56 2283 143 2326 gressus
154 2269 224 2312 fuerit.
235 2269 271 2312 De
280 2268 357 2312 eodem
364 2267 431 2326 igitur
438 2270 515 2311 itinere
525 2268 584 2326 apud
592 2274 709 2325 utrumque
720 2269 764 2325 agi-

55 2345 97 2396 tur,
102 2340 170 2382 etnisi
175 2339 230 2382 forte
235 2341 313 2382 mentis
318 2341 401 2382 insanae
406 2339 560 2382 fuitPalladius
565 2339 607 2381 hoc
612 2340 654 2381 iter
659 2338 764 2381 anno395

57 2424 99 2466 quo
111 2409 247 2452 Theodosius
260 2412 378 2466 imperator
392 2410 451 2452 diem
461 2424 588 2466 supremum
598 2408 651 2451 obiit
661 2409 765 2452 effectum

58 2493 106 2521 esse
121 2485 213 2534 constat,
229 2481 331 2536 quoniam
340 2480 435 2521 viatores
447 2478 621 2535 de'imperatoris
635 2485 704 2521 morte
717 2480 764 2536 ipso

58 2548 93 2591 die
109 2563 151 2606 quo
162 2545 322 2591 Alexandriam
335 2554 467 2606 pervenerat
480 2550 577 2604 nuntius,
593 2549 695 2591 certiores
705 2549 764 2592 facit.

88 2680 104 2711 1.
113 2677 253 2719 150100000οο,
265 2678 300 2711 loc.
309 2679 346 2721 cit,
359 2677 394 2711 col.
403 2678 503 2710 394-335.
