1818 3169
290 328 485 357 msronumusneu.
712 317 740 360 47

35 427 127 472 Rufinus
140 424 205 482 hujus
218 425 297 467 montis
311 439 392 467 nomen
405 438 443 466 suo
459 425 518 481 operi
532 439 576 467 non
588 424 688 478 inseruit,
703 422 743 466 sed

34 498 89 542 illius
100 495 216 552 descriptio
226 501 272 538 tam
283 501 315 538 est
326 500 429 538 accurata
439 500 463 538 ut
474 495 606 552 quicumque
618 494 742 551 AEgyptum

34 566 184 626 peragraverit
196 565 261 609 facile
274 571 370 609 montem
382 571 526 622 recognoscat
540 566 620 623 quippe
635 566 741 622 quinimo

35 639 100 682 etiam
108 642 231 695 praeruptus
243 642 264 679 et
273 635 340 679 fluvio
351 637 465 679 imminens
476 635 585 694 speluncis
599 635 663 678 lateri
675 650 741 692 appo-

35 709 79 752 sitis
86 722 173 764 semper
181 722 195 749 a
202 706 314 750 monachis
322 707 431 762 incolitur3
438 707 517 750 uostris
525 712 599 749 autem
606 705 740 763 temporibus

37 776 102 820 Gubul
113 777 134 819 cl
143 776 219 820 Artaba
229 777 289 828 himo
299 783 396 820 montem
405 779 502 820 vocant.¹

64 847 110 891 Sed
119 849 214 891 viatores
224 849 301 903 nostri,
315 853 432 905 postquam
446 846 542 890 secundo
553 846 642 889 flumine
654 845 741 890 devecti

34 919 92 961 huno
102 924 199 961 montem
211 920 346 975 pratensis,
360 917 464 960 viderunt
476 918 572 959 viatores
585 916 667 959 «alium
680 931 741 959 sane-

33 996 79 1032 tum
95 988 190 1043 Patrem,
209 987 327 1043 Eulogium
342 988 465 1043 nomine,»²
480 986 605 1043 adeuntque
623 993 660 1030 «et
675 987 741 1029 alium

34 1058 189 1116 presbyterum
198 1059 222 1100 in
231 1058 304 1100 vicina
313 1057 402 1113 regione
413 1058 500 1099 nomine
510 1055 618 1113 Apellen:
628 1058 700 1099 uirum
707 1056 741 1113 ju-

35 1135 91 1172 stum
97 1146 106 1164 »
120 1129 156 1185 qui
164 1127 204 1170 illis
214 1127 241 1170 de
249 1127 316 1170 fratre
325 1127 420 1184 quodam
428 1128 451 1169 in
458 1128 558 1184 proxima
567 1142 640 1170 eremo
649 1142 741 1170 commo-

34 1204 119 1249 rantem
127 1199 275 1240 narrationem
282 1198 353 1240 facit.3
360 1196 440 1240 Postea
450 1197 526 1240 uident
539 1203 576 1240 «et
586 1198 742 1241 monasterirum

36 1269 104 1311 sancti
109 1267 228 1325 Paphnutii
232 1267 324 1310 hominis
330 1268 374 1310 Dei
383 1269 420 1325 qui
427 1268 610 1311 nominatissimus
616 1269 640 1312 in
647 1268 680 1310 his
688 1268 741 1311 loeis

35 1338 176 1382 anachoretes
188 1345 209 1381 et
218 1338 306 1381 ultimus
317 1337 426 1381 habitator
438 1337 510 1381 fuerat
524 1337 605 1381 deserti
617 1339 641 1381 in
649 1339 741 1395 regioni-

35 1408 76 1450 bus
84 1407 212 1463 Heracleas,
223 1406 344 1464 splendidae
352 1407 412 1464 apud
419 1406 559 1450 Thebaidam
566 1407 627 1450 urbis
633 1410 663 1451 »fl
673 1407 741 1465 Cujus

35 1478 189 1520 monasterium
198 1476 259 1519 haud
268 1476 345 1533 procul
359 1492 373 1520 a
385 1477 452 1520 fluvio
466 1479 531 1520 situm
544 1478 611 1520 fuisse
626 1493 655 1520 ex
668 1493 742 1521 narra-

35 1549 91 1590 tione
101 1551 210 1604 apparet.⁵
224 1548 335 1604 Deinceps
349 1548 466 1605 inspiciunt
478 1553 516 1590 «et
529 1547 589 1605 apud
602 1547 742 1591 Thebaidem

30 1618 100 1659 'etiam
117 1617 195 1660 Isidori
212 1618 408 1660 nominatissimum
427 1619 584 1660 monasterium
604 1618 741 1676 amplissimis

35 1688 108 1743 spatiis
119 1689 289 1745 circumseptum
298 1702 404 1745 miuoque
419 1687 578 1731 circrundatruu
591 1689 614 1730 in
628 1703 670 1745 quo
682 1688 741 1731 habi-

35 1756 130 1800 tantibus
145 1758 198 1800 viris
213 1757 275 1814 larga
290 1757 446 1815 praebebantur
461 1757 593 1800 habitacula.
607 1758 741 1801 Iutrinsecus

35 1827 94 1882 putei
104 1827 184 1884 plures,
196 1827 252 1870 horti
261 1828 343 1884 irrigui,
356 1829 451 1870 omnium
464 1842 550 1884 quoque
557 1842 672 1884 pomonun
680 1827 742 1870 arbo-

35 1911 126 1953 rrunque
136 1897 243 1955 paradisi,
258 1903 280 1940 et
293 1912 437 1955 quaecrmrque
451 1899 576 1941 necessaria
585 1897 661 1941 usibus
672 1904 741 1955 erant,

36 1966 168 2010 sufficienter
178 1968 220 2010 imo
232 1973 254 2010 et
267 1967 405 2011 abimdanter
418 1969 506 2025 prouisa
517 1983 522 2010 :
534 1968 562 2011 ab
576 1968 619 2010 hoe
632 1968 686 2011 nulli
698 1983 742 2011 mo-

36 2036 154 2080 nachorum
159 2037 306 2082 habitantirun'
310 2039 441 2081 intrinsecus
447 2039 566 2081 necessitas
572 2038 616 2081 ulla
624 2040 687 2082 fieret
692 2053 742 2082 exe-

36 2106 88 2149 undi
97 2107 155 2150 foras
163 2107 193 2150 ad
200 2109 283 2167 aliquid
291 2105 480 2167 requirendrun.»¹j
489 2109 601 2152 Praeterea
611 2110 646 2153 «in
653 2111 742 2167 regione

36 2175 166 2234 Arseno'r'tae7
177 2179 246 2236 inquit
256 2180 359 2235 Rufinus,
370 2179 513 2236 Serapionem
525 2179 642 2236 quemdam
651 2179 743 2237 presby-

36 2252 106 2291 terum
113 2249 207 2293 vidimus
216 2250 333 2293 multorum
340 2242 521 2293 monasteriorum
526 2257 618 2307 patrem,
630 2250 670 2293 sub
680 2250 742 2307 cujus

37 2330 88 2359 oura
98 2319 163 2375 plura
172 2325 194 2361 et
204 2320 292 2363 diversa
301 2322 433 2363 monasteria
445 2322 506 2376 quasi
517 2320 595 2363 decem
604 2320 695 2363 millium
705 2320 743 2363 ha-

36 2384 144 2432 bebantur
149 2390 306 2433 monachorum
312 2392 349 2447 qui
356 2390 468 2433 laboribus
473 2392 565 2447 propriis
572 2405 625 2446 quos
632 2391 742 2447 praecipue

66 2506 80 2539 l.
96 2506 123 2542 Of.
139 2506 234 2542 Itiue'roire
248 2491 345 2552 descriptus,
361 2507 455 2551 latorique
470 2512 485 2541 et
501 2506 743 2552 arcbe'olopiquedel'Orieut

36 2571 67 2603 par
78 2564 96 2596 Ie
109 2566 134 2598 Dr
145 2566 206 2600 Emile
219 2567 314 2609 Isambert,
327 2567 347 2599 2⁰
355 2570 400 2610 part.
414 2556 493 2611 E'Igypte,
505 2578 522 2610 p.
535 2568 576 2600 468.
589 2568 641 2600 Paris
655 2569 707 2601 1882.
720 2586 742 2592 —

37 2621 51 2652 ¹3.
61 2621 107 2656 Ha'st.
113 2624 190 2658 azazacu
197 2625 246 2659 XIV.
254 2644 276 2648 -
287 2627 303 2659 3.
311 2623 358 2658 Iota.
366 2625 406 2659 XV.
414 2644 435 2649 —
446 2626 462 2659 4.
471 2625 517 2658 luat
524 2626 574 2659 XVI.
582 2645 602 2650 —
613 2627 629 2659 5.
638 2626 684 2660 Ibid.
693 2626 743 2660 XVI.

38 2697 57 2703 -
68 2683 83 2714 6.
93 2683 138 2718 [did.
147 2685 206 2718 XVII.
