1818 3169
274 314 469 343 11511111111151111.
713 305 726 346 9

21 420 47 461 tis
57 413 137 456 sanetis
146 420 221 453 'essem
232 425 361 467 congressus
373 418 394 453 et
403 418 503 453 versatus
513 417 557 454 tres
571 426 639 454 armos
650 413 671 453 111
683 426 727 454 mo-

22 484 118 531 nasteriis
133 495 182 537 quie
196 487 246 523 511111
259 482 318 524 circa
327 479 487 524 Alexandriam
501 487 522 525 et
535 483 664 535 mansissem
677 497 727 525 eum

22 554 105 611 nra-gnis
115 550 320 609 studiosissimisque
331 558 352 594 et
363 553 447 609 optimis
457 548 510 595 viris
521 554 607 595 circiter·
616 552 650 595 bis
661 552 727 608 mille,

22 626 79 669 omni
87 624 167 665 virtute
176 623 262 677 ornatis,
270 621 330 664 illinc
338 622 443 665 secedens
451 624 502 665 ueni
509 625 532 665 in
540 629 637 666 montem
644 623 726 666 Nitriae.
736 630 737 633 ’

22 697 80 740 Inter
87 693 146 735 hunc
153 698 250 734 montem
257 698 330 735 autem
341 698 363 735 et
370 691 529 736 Alexandriam
536 695 618 751 positus
627 700 659 736 est
666 694 727 737 lacus

23 766 58 823 qui
67 764 145 806 dicitru·
151 762 223 805 illaria
231 761 323 820 (scilicet
330 763 390 805 lacus
398 762 463 806 hodie
472 763 575 805 1111111111
582 770 727 820 nuncupatus,

22 836 45 880 id
55 840 87 877 est
96 831 216 890 1111110115)
229 849 234 875 :
246 833 264 875 is
275 839 349 876 autem
360 834 455 876 continet
467 833 497 875 ad
506 833 573 876 millia
583 836 727 891 septuaginta.

23 908 77 961 Quae
88 920 139 947 eum
148 904 316 947 transmisissem
325 919 366 961 per
377 903 435 947 diem
444 920 513 947 unium
524 911 545 947 et
557 904 670 947 (liuridium
677 907 729 948 veni

22 981 44 1021 in
53 981 149 1019 montem
159 974 189 1016 ad
198 981 284 1031 partem
294 974 464 1018 meridionalem.
472 975 500 1017 ln
511 989 553 1031 quo
563 982 637 1018 monte
647 976 688 1018 sita
696 982 729 1018 est

22 1050 98 1104 ingens
112 1044 203 1088 solitudo
215 1058 263 1101 quae
276 1045 371 1101 pertinet
384 1060 453 1102 usque
467 1044 496 1087 ad
506 1044 642 1102 AEthiopiam
652 1045 729 1087 111111-

23 1120 78 1161 zicos
88 1122 109 1158 11
116 1105 301 1166 llauritaniam.»¹
310 1115 339 1158 Et
347 1129 396 1172 quae
407 1115 436 1157 ad
443 1115 578 1172 AEthiopiam
586 1121 686 1172 spectant
694 1116 729 1158 de-

24 1188 99 1242 ductis,
111 1187 142 1228 sic
152 1185 249 1243 profecto
260 1201 295 1228 res
306 1185 416 1241 sehabet,
428 1185 648 1228 animadvertendum
656 1192 730 1228 autem

24 1265 55 1300 est
64 1262 138 1299 nostra
149 1254 237 1313 quidem
249 1261 311 1299 atate
322 1256 450 1313 AEthiopum
460 1258 547 1299 nomine
555 1256 667 1312 regionem
676 1255 730 1298 desi-

24 1328 85 1385 gnari
99 1340 147 1384 quae
160 1328 215 1370 mari
228 1326 295 1369 rubro
309 1326 406 1384 adjacet,
422 1325 515 1369 Palladii
527 1341 580 1369 vero
595 1326 730 1383 temporibus

24 1412 97 1441 omnes
108 1396 244 1440 desertorrun
252 1396 350 1440 locorum
360 1396 442 1439 incolas
452 1398 494 1453 qui,
504 1396 578 1453 Syene
588 1402 637 1454 post
644 1403 731 1453 tergum

23 1469 104 1523 relicta,
115 1467 145 1510 ad
155 1466 271 1510 1111111111]
281 1473 386 1525 spectant,
398 1466 426 1510 ab
435 1466 535 1510 omnibus
543 1467 590 1510 fere
599 1466 730 1510 doctioribus

24 1537 63 1580 sub
77 1537 206 1594 AEthiopiun
219 1538 306 1579 nomine
319 1538 458 1594 significatos,
473 1551 603 1595 semperque
616 1536 731 1594 AEtliiopes

24 1624 37 1650 a
47 1607 158 1651 veteribus
169 1608 263 1664 AEgypti
275 1607 351 1650 incolis
365 1622 402 1650 eos
413 1608 535 1650 nominatos
547 1622 600 1650 esse.
611 1607 686 1664 Atque
696 1622 731 1663 op-

24 1679 75 1719 time
85 1677 196 1719 Palladius
209 1679 266 1719 inter
277 1676 375 1719 diuersas
388 1677 453 1734 liujus
467 1677 561 1733 regionis
574 1683 648 1733 partes
659 1690 708 1732 quae
718 1692 732 1718 a

25 1746 154 1803 geographis
168 1746 286 1803 Scythiaeu
301 1748 361 1803 regio
374 1752 501 1803 mmcupata
515 1753 556 1801 est,
572 1745 689 1788 discrimen
701 1746 731 1788 fa-

26 1817 62 1870 cit,
77 1816 135 1872 quod
148 1815 239 1859 scribit:
254 1816 309 1858 «Hic
320 1823 408 1859 sanctus
422 1815 543 1873 (Macarius
556 1814 731 1872 Alexandrinus)

24 1884 121 1928 habebat
134 1885 231 1928 diversas
243 1885 318 1941 cellas,
332 1901 399 1928 unam
413 1885 502 1942 quidem
515 1886 538 1927 in
549 1884 622 1940 Scete,
637 1899 686 1941 quae
700 1891 733 1927 est

24 1955 111 1997 interior
121 1956 144 1997 in
154 1954 275 2010 solitudine,
288 1960 385 1997 cinnam
395 1956 418 1997 iu
427 1954 508 2011 Lybie,
518 1960 539 1997 et
547 1969 614 1997 unam
621 1956 644 1996 iu
652 1953 731 2008 Oelliis,

26 2030 47 2066 et
56 2039 123 2067 unam
135 2025 157 2067 in
167 2030 240 2067 monte
251 2024 359 2067 Nimiast
372 2024 475 2081 Denique
489 2024 530 2066 alio
540 2023 588 2067 loco
598 2023 675 2066 Nitriae
685 2039 732 2081 par-

25 2099 68 2137 tem
81 2097 224 2153 asperrimam
234 2095 275 2138 sub
286 2096 375 2138 nomine
388 2095 483 2147 allec-aeg
496 2094 592 2137 indicat:
604 2094 734 2138 «Habitavit

25 2165 83 2208 initio
97 2165 247 2224 (Ptolemaeus)
257 2165 315 2208 ultra
325 2165 413 2208 Scetem
426 2168 449 2208 111
465 2181 491 2208 11
505 2180 553 2222 quae
565 2164 644 2207 dicitur
654 2164 733 2221 κλίμαξ,

25 2233 91 2278 idest
104 2236 168 2280 scala.
183 2236 224 2279 Est
237 2243 311 2280 autem
323 2236 384 2279 locus
396 2238 432 2293 qui
446 2238 477 2279 sic
489 2235 567 2279 dicitur
580 2236 656 2293 inquo
669 2251 733 2278 nemo

26 2310 95 2361 potest
105 2305 204 2351 habitare
215 2313 331 2365 propterca
342 2307 401 2365 quod
411 2313 490 2364 puteus
505 2321 612 2364 aquarum
623 2306 688 2349 distet
699 2305 734 2349 de-

28 2390 75 2419 cem
81 2384 102 2420 et
107 2384 155 2421 oeto
160 2372 403 2436 milliaribus.»3ltaque
411 2378 523 2421 Palladius
532 2377 591 2435 quod
600 2378 671 2420 omnia
678 2377 733 2433 loca,

26 2452 126 2505 utsupra
137 2448 189 2507 dixi,
204 2450 365 2493 accuratissime
377 2448 487 2505 describit,
502 2464 545 2493 non
560 2448 625 2492 debet
640 2448 735 2492 dubitari

28 2518 79 2573 quin
90 2521 161 2563 omnia
172 2521 216 2564 suis
226 2522 273 2578 ipse
284 2520 351 2564 oculis
362 2522 505 2578 perspexerit.

58 2671 72 2703 1.
85 2672 132 2706 Huc.
145 2673 198 2708 Leno.
207 2674 248 2708 VII.
261 2693 285 2698 -
297 2675 313 2707 2.
327 2673 372 2707 leat.
384 2674 428 2707 XIX
441 2677 460 2706 et
472 2673 511 2706 XX.
526 2692 547 2697 —-
561 2674 577 2706 3.
590 2671 635 2707 11111.
649 2671 734 2706 XXXIII.
