<?xml version="1.0" encoding="UTF-8"?>
<!DOCTYPE html PUBLIC "-//W3C//DTD XHTML 1.0 Transitional//EN"
    "http://www.w3.org/TR/xhtml1/DTD/xhtml1-transitional.dtd">
<html xmlns="http://www.w3.org/1999/xhtml" xml:lang="en" lang="en">
 <head>
  <title>
</title>
<meta http-equiv="Content-Type" content="text/html;charset=utf-8" />
  <meta name='ocr-system' content='tesseract 3.04.00' />
  <meta name='ocr-capabilities' content='ocr_page ocr_carea ocr_par ocr_line ocrx_word'/>
</head>
<body>
  <div class='ocr_page' id='page_1' title='image "MN41886ucmf_5_0076.png"; bbox 0 0 1818 3169; ppageno 0'>
   <div class='ocr_carea' id='block_1_1' title="bbox 145 302 593 345">
    <p class='ocr_par' dir='ltr' id='par_1_1' title="bbox 145 302 593 345">
     <span class='ocr_line' id='line_1_1' title="bbox 145 302 593 345; baseline -0.013 0"><span class='ocrx_word' id='word_1_1' title='bbox 145 302 174 345; x_wconf 78' lang='lat'>52</span> <span class='ocrx_word' id='word_1_2' title='bbox 399 311 593 340; x_wconf 80' lang='lat' dir='ltr'>arsronnmusnca.</span> 
     </span>
    </p>
   </div>
   <div class='ocr_carea' id='block_1_2' title="bbox 121 404 879 2554">
    <p class='ocr_par' dir='ltr' id='par_1_2' title="bbox 121 404 879 2554">
     <span class='ocr_line' id='line_1_2' title="bbox 145 404 849 463; baseline -0.003 -14"><span class='ocrx_word' id='word_1_3' title='bbox 145 408 238 451; x_wconf 85' lang='lat' dir='ltr'>Valente</span> <span class='ocrx_word' id='word_1_4' title='bbox 251 406 350 463; x_wconf 81' lang='lat' dir='ltr'>Augusto</span> <span class='ocrx_word' id='word_1_5' title='bbox 364 407 595 462; x_wconf 70' lang='lat' dir='ltr'>imperiumtcnente.1</span> <span class='ocrx_word' id='word_1_6' title='bbox 608 406 643 448; x_wconf 88' lang='lat' dir='ltr'>Ibi</span> <span class='ocrx_word' id='word_1_7' title='bbox 656 404 751 448; x_wconf 87' lang='lat' dir='ltr'>Melania</span> <span class='ocrx_word' id='word_1_8' title='bbox 766 420 849 462; x_wconf 81' lang='lat' dir='ltr'>«quum</span> 
     </span>
     <span class='ocr_line' id='line_1_3' title="bbox 145 475 849 532; baseline -0.004 -12"><span class='ocrx_word' id='word_1_9' title='bbox 145 493 180 520; x_wconf 91' lang='lat' dir='ltr'>res</span> <span class='ocrx_word' id='word_1_10' title='bbox 191 492 240 520; x_wconf 90' lang='lat' dir='ltr'>suas</span> <span class='ocrx_word' id='word_1_11' title='bbox 251 476 390 530; x_wconf 80' lang='lat' dir='ltr'>vendidisset,</span> <span class='ocrx_word' id='word_1_12' title='bbox 402 478 500 532; x_wconf 80' lang='lat' dir='ltr'>ingressa</span> <span class='ocrx_word' id='word_1_13' title='bbox 509 478 570 518; x_wconf 88' lang='lat' dir='ltr'>estin</span> <span class='ocrx_word' id='word_1_14' title='bbox 578 482 673 519; x_wconf 88' lang='lat' dir='ltr'>montem</span> <span class='ocrx_word' id='word_1_15' title='bbox 680 475 755 517; x_wconf 75' lang='lat' dir='ltr'>Nitriae</span> <span class='ocrx_word' id='word_1_16' title='bbox 764 481 849 517; x_wconf 89' lang='lat' dir='ltr'>sanctos</span> 
     </span>
     <span class='ocr_line' id='line_1_4' title="bbox 145 544 850 600; baseline -0.004 -10"><span class='ocrx_word' id='word_1_17' title='bbox 145 547 221 590; x_wconf 89' lang='lat' dir='ltr'>Patres</span> <span class='ocrx_word' id='word_1_18' title='bbox 233 545 364 589; x_wconf 74' lang='lat' dir='ltr'>conveniens</span> <span class='ocrx_word' id='word_1_19' title='bbox 374 545 458 588; x_wconf 87' lang='lat' dir='ltr'>Pambo</span> <span class='ocrx_word' id='word_1_20' title='bbox 473 551 494 588; x_wconf 92' lang='lat' dir='ltr'>et</span> <span class='ocrx_word' id='word_1_21' title='bbox 504 544 584 588; x_wconf 79' lang='lat' dir='ltr'>Ohristi</span> <span class='ocrx_word' id='word_1_22' title='bbox 598 560 687 588; x_wconf 89' lang='lat' dir='ltr'>servum</span> <span class='ocrx_word' id='word_1_23' title='bbox 696 544 814 600; x_wconf 74' lang='lat' dir='ltr'>Arsisium,</span> <span class='ocrx_word' id='word_1_24' title='bbox 828 551 850 587; x_wconf 92' lang='grc'>61</span> 
     </span>
     <span class='ocr_line' id='line_1_5' title="bbox 146 615 850 672; baseline -0.004 -12"><span class='ocrx_word' id='word_1_25' title='bbox 146 617 287 672; x_wconf 74' lang='lat' dir='ltr'>Serapionem</span> <span class='ocrx_word' id='word_1_26' title='bbox 299 630 403 671; x_wconf 82' lang='lat' dir='ltr'>maguum</span> <span class='ocrx_word' id='word_1_27' title='bbox 417 621 439 657; x_wconf 87' lang='lat' dir='ltr'>et</span> <span class='ocrx_word' id='word_1_28' title='bbox 451 615 599 672; x_wconf 85' lang='lat' dir='ltr'>Paphnutium</span> <span class='ocrx_word' id='word_1_29' title='bbox 609 615 740 671; x_wconf 68' lang='lat' dir='ltr'>Sceteotem,</span> <span class='ocrx_word' id='word_1_30' title='bbox 753 615 850 658; x_wconf 72' lang='grc'><strong>61151110-</strong></span> 
     </span>
     <span class='ocr_line' id='line_1_6' title="bbox 121 684 850 742; baseline -0.001 -14"><span class='ocrx_word' id='word_1_31' title='bbox 121 724 123 727; x_wconf 92' lang='lat'>.</span> <span class='ocrx_word' id='word_1_32' title='bbox 144 702 193 728; x_wconf 87' lang='lat' dir='ltr'>rum</span> <span class='ocrx_word' id='word_1_33' title='bbox 203 685 341 742; x_wconf 83' lang='lat' dir='ltr'>Hermopolis</span> <span class='ocrx_word' id='word_1_34' title='bbox 355 686 481 741; x_wconf 90' lang='lat' dir='ltr'>episcopum</span> <span class='ocrx_word' id='word_1_35' title='bbox 495 690 516 726; x_wconf 91' lang='lat' dir='ltr'>et</span> <span class='ocrx_word' id='word_1_36' title='bbox 525 684 667 741; x_wconf 77' lang='lat' dir='ltr'>Dioscmum7</span> <span class='ocrx_word' id='word_1_37' title='bbox 683 691 704 728; x_wconf 88' lang='lat' dir='ltr'>et</span> <span class='ocrx_word' id='word_1_38' title='bbox 716 691 803 736; x_wconf 77' lang='lat' dir='ltr'>versata</span> <span class='ocrx_word' id='word_1_39' title='bbox 817 691 850 728; x_wconf 88' lang='lat' dir='ltr'>est</span> 
     </span>
     <span class='ocr_line' id='line_1_7' title="bbox 127 754 850 813; baseline 0.003 -18"><span class='ocrx_word' id='word_1_40' title='bbox 127 792 134 809; x_wconf 11' lang='grc' dir='ltr'>,Ἴ</span> <span class='ocrx_word' id='word_1_41' title='bbox 144 755 204 813; x_wconf 87' lang='lat' dir='ltr'>apud</span> <span class='ocrx_word' id='word_1_42' title='bbox 215 770 251 799; x_wconf 87' lang='lat' dir='ltr'>ecs</span> <span class='ocrx_word' id='word_1_43' title='bbox 263 756 348 798; x_wconf 89' lang='lat' dir='ltr'>circiter</span> <span class='ocrx_word' id='word_1_44' title='bbox 358 770 440 798; x_wconf 84' lang='lat' dir='ltr'>amnun</span> <span class='ocrx_word' id='word_1_45' title='bbox 451 754 573 810; x_wconf 79' lang='lat' dir='ltr'>dimidirun,</span> <span class='ocrx_word' id='word_1_46' title='bbox 588 755 664 797; x_wconf 89' lang='lat' dir='ltr'>obiens</span> <span class='ocrx_word' id='word_1_47' title='bbox 678 754 814 798; x_wconf 72' lang='lat' dir='ltr'>solitudinem</span> <span class='ocrx_word' id='word_1_48' title='bbox 828 761 850 805; x_wconf 85' lang='grc'>61</span> 
     </span>
     <span class='ocr_line' id='line_1_8' title="bbox 144 823 850 882; baseline -0.001 -14"><span class='ocrx_word' id='word_1_49' title='bbox 144 825 221 868; x_wconf 81' lang='lat' dir='ltr'>ridens</span> <span class='ocrx_word' id='word_1_50' title='bbox 233 840 307 869; x_wconf 88' lang='lat' dir='ltr'>omnes</span> <span class='ocrx_word' id='word_1_51' title='bbox 318 827 435 868; x_wconf 73' lang='grc'>00110100.»2</span> <span class='ocrx_word' id='word_1_52' title='bbox 446 823 520 877; x_wconf 73' lang='lat' dir='ltr'>Quum</span> <span class='ocrx_word' id='word_1_53' title='bbox 529 839 582 867; x_wconf 83' lang='lat' dir='ltr'>vero</span> <span class='ocrx_word' id='word_1_54' title='bbox 590 824 750 867; x_wconf 72' lang='lat' dir='ltr'>Alexandriam</span> <span class='ocrx_word' id='word_1_55' title='bbox 758 825 850 882; x_wconf 88' lang='lat' dir='ltr'>appulis-</span> 
     </span>
     <span class='ocr_line' id='line_1_9' title="bbox 144 894 849 952; baseline -0.001 -14"><span class='ocrx_word' id='word_1_56' title='bbox 144 902 178 939; x_wconf 88' lang='lat' dir='ltr'>set</span> <span class='ocrx_word' id='word_1_57' title='bbox 185 896 284 952; x_wconf 80' lang='lat' dir='ltr'>Rufiims,</span> <span class='ocrx_word' id='word_1_58' title='bbox 294 901 386 952; x_wconf 89' lang='lat' dir='ltr'>quatuor</span> <span class='ocrx_word' id='word_1_59' title='bbox 393 895 429 938; x_wconf 77' lang='lat' dir='ltr'>rel</span> <span class='ocrx_word' id='word_1_60' title='bbox 438 896 533 951; x_wconf 88' lang='lat' dir='ltr'>quinque</span> <span class='ocrx_word' id='word_1_61' title='bbox 542 894 620 951; x_wconf 89' lang='lat' dir='ltr'>elapsis</span> <span class='ocrx_word' id='word_1_62' title='bbox 627 894 746 950; x_wconf 81' lang='lat' dir='ltr'>mensibus,</span> <span class='ocrx_word' id='word_1_63' title='bbox 758 910 787 938; x_wconf 86' lang='lat' dir='ltr'>ex</span> <span class='ocrx_word' id='word_1_64' title='bbox 794 895 849 937; x_wconf 80' lang='lat' dir='ltr'>tube</span> 
     </span>
     <span class='ocr_line' id='line_1_10' title="bbox 145 963 849 1022; baseline -0.003 -14"><span class='ocrx_word' id='word_1_65' title='bbox 145 966 250 1022; x_wconf 79' lang='lat' dir='ltr'>arifrrgere</span> <span class='ocrx_word' id='word_1_66' title='bbox 259 971 346 1008; x_wconf 88' lang='lat' dir='ltr'>coactus</span> <span class='ocrx_word' id='word_1_67' title='bbox 355 971 393 1020; x_wconf 77' lang='lat' dir='ltr'>est,</span> <span class='ocrx_word' id='word_1_68' title='bbox 404 979 462 1019; x_wconf 75' lang='lat' dir='ltr'>nam,</span> <span class='ocrx_word' id='word_1_69' title='bbox 473 963 593 1007; x_wconf 78' lang='lat' dir='ltr'>Athanasio</span> <span class='ocrx_word' id='word_1_70' title='bbox 601 963 764 1021; x_wconf 66' lang='lat' dir='ltr'>archiepiscopo</span> <span class='ocrx_word' id='word_1_71' title='bbox 775 966 849 1021; x_wconf 90' lang='lat' dir='ltr'>postri-</span> 
     </span>
     <span class='ocr_line' id='line_1_11' title="bbox 146 1035 850 1092; baseline -0.001 -14"><span class='ocrx_word' id='word_1_72' title='bbox 146 1035 181 1078; x_wconf 89' lang='lat' dir='ltr'>die</span> <span class='ocrx_word' id='word_1_73' title='bbox 190 1035 297 1078; x_wconf 80' lang='lat' dir='ltr'>kalendas</span> <span class='ocrx_word' id='word_1_74' title='bbox 308 1035 378 1077; x_wconf 80' lang='lat' dir='ltr'>Maias</span> <span class='ocrx_word' id='word_1_75' title='bbox 389 1040 472 1077; x_wconf 89' lang='lat' dir='ltr'>mortuo</span> <span class='ocrx_word' id='word_1_76' title='bbox 482 1035 571 1092; x_wconf 86' lang='lat' dir='ltr'>ejusque</span> <span class='ocrx_word' id='word_1_77' title='bbox 580 1048 705 1077; x_wconf 86' lang='lat' dir='ltr'>successore</span> <span class='ocrx_word' id='word_1_78' title='bbox 713 1035 778 1078; x_wconf 89' lang='lat' dir='ltr'>Petro</span> <span class='ocrx_word' id='word_1_79' title='bbox 786 1051 799 1078; x_wconf 90' lang='lat' dir='ltr'>a</span> <span class='ocrx_word' id='word_1_80' title='bbox 806 1035 850 1077; x_wconf 92' lang='lat' dir='ltr'>Lu-</span> 
     </span>
     <span class='ocr_line' id='line_1_12' title="bbox 145 1104 850 1161; baseline -0.003 -13"><span class='ocrx_word' id='word_1_81' title='bbox 145 1107 177 1148; x_wconf 87' lang='lat' dir='ltr'>cio</span> <span class='ocrx_word' id='word_1_82' title='bbox 189 1107 268 1148; x_wconf 86' lang='lat' dir='ltr'>arianae</span> <span class='ocrx_word' id='word_1_83' title='bbox 278 1111 343 1147; x_wconf 81' lang='lat' dir='ltr'>sectae</span> <span class='ocrx_word' id='word_1_84' title='bbox 353 1105 434 1161; x_wconf 77' lang='lat' dir='ltr'>fugato,</span> <span class='ocrx_word' id='word_1_85' title='bbox 445 1110 490 1147; x_wconf 89' lang='lat' dir='ltr'>tota</span> <span class='ocrx_word' id='word_1_86' title='bbox 496 1104 550 1146; x_wconf 89' lang='lat' dir='ltr'>urbs</span> <span class='ocrx_word' id='word_1_87' title='bbox 560 1104 613 1161; x_wconf 77' lang='lat' dir='ltr'>fuga</span> <span class='ocrx_word' id='word_1_88' title='bbox 623 1105 703 1147; x_wconf 78' lang='lat' dir='ltr'>civium</span> <span class='ocrx_word' id='word_1_89' title='bbox 712 1104 799 1161; x_wconf 76' lang='lat' dir='ltr'>exsiliis,</span> <span class='ocrx_word' id='word_1_90' title='bbox 811 1119 850 1147; x_wconf 83' lang='lat' dir='ltr'>cae-</span> 
     </span>
     <span class='ocr_line' id='line_1_13' title="bbox 145 1173 850 1230; baseline 0.001 -14"><span class='ocrx_word' id='word_1_91' title='bbox 145 1175 216 1230; x_wconf 75' lang='lat' dir='ltr'>dibus,</span> <span class='ocrx_word' id='word_1_92' title='bbox 222 1175 340 1230; x_wconf 81' lang='lat' dir='ltr'>tormentis,</span> <span class='ocrx_word' id='word_1_93' title='bbox 349 1174 441 1216; x_wconf 86' lang='lat' dir='ltr'>flammis</span> <span class='ocrx_word' id='word_1_94' title='bbox 449 1174 537 1217; x_wconf 89' lang='lat' dir='ltr'>turbata</span> <span class='ocrx_word' id='word_1_95' title='bbox 543 1180 581 1230; x_wconf 75' lang='lat' dir='ltr'>est,</span> <span class='ocrx_word' id='word_1_96' title='bbox 587 1173 724 1217; x_wconf 65' lang='grc' dir='ltr'>Γ111606101610</span> <span class='ocrx_word' id='word_1_97' title='bbox 730 1177 850 1217; x_wconf 71' lang='grc'>116111111116.3</span> 
     </span>
     <span class='ocr_line' id='line_1_14' title="bbox 144 1244 849 1301; baseline 0 -14"><span class='ocrx_word' id='word_1_98' title='bbox 144 1245 237 1288; x_wconf 85' lang='lat' dir='ltr'>Rufinus</span> <span class='ocrx_word' id='word_1_99' title='bbox 251 1260 302 1287; x_wconf 82' lang='lat' dir='ltr'>vero</span> <span class='ocrx_word' id='word_1_100' title='bbox 317 1260 384 1301; x_wconf 87' lang='lat' dir='ltr'>quum</span> <span class='ocrx_word' id='word_1_101' title='bbox 397 1246 419 1286; x_wconf 88' lang='lat' dir='ltr'>in</span> <span class='ocrx_word' id='word_1_102' title='bbox 428 1244 524 1287; x_wconf 86' lang='lat' dir='ltr'>Nitrimn</span> <span class='ocrx_word' id='word_1_103' title='bbox 536 1250 632 1287; x_wconf 87' lang='lat' dir='ltr'>montem</span> <span class='ocrx_word' id='word_1_104' title='bbox 642 1244 778 1287; x_wconf 80' lang='lat' dir='ltr'>Alexandria</span> <span class='ocrx_word' id='word_1_105' title='bbox 788 1245 849 1287; x_wconf 88' lang='lat' dir='ltr'>aufu-</span> 
     </span>
     <span class='ocr_line' id='line_1_15' title="bbox 145 1314 848 1372; baseline 0 -14"><span class='ocrx_word' id='word_1_106' title='bbox 145 1317 221 1372; x_wconf 77' lang='lat' dir='ltr'>gisset⁷</span> <span class='ocrx_word' id='word_1_107' title='bbox 231 1315 342 1358; x_wconf 89' lang='lat' dir='ltr'>monachis</span> <span class='ocrx_word' id='word_1_108' title='bbox 353 1316 376 1357; x_wconf 91' lang='lat' dir='ltr'>in</span> <span class='ocrx_word' id='word_1_109' title='bbox 387 1314 472 1357; x_wconf 86' lang='lat' dir='ltr'>deserto</span> <span class='ocrx_word' id='word_1_110' title='bbox 483 1315 579 1357; x_wconf 85' lang='lat' dir='ltr'>interfuit</span> <span class='ocrx_word' id='word_1_111' title='bbox 589 1316 679 1371; x_wconf 83' lang='lat' dir='ltr'>ipseque</span> <span class='ocrx_word' id='word_1_112' title='bbox 689 1314 731 1357; x_wconf 90' lang='lat' dir='ltr'>hoc</span> <span class='ocrx_word' id='word_1_113' title='bbox 741 1321 832 1358; x_wconf 87' lang='lat' dir='ltr'>testatur</span> <span class='ocrx_word' id='word_1_114' title='bbox 843 1332 848 1358; x_wconf 93' lang='lat'>:</span> 
     </span>
     <span class='ocr_line' id='line_1_16' title="bbox 147 1384 849 1442; baseline -0.001 -14"><span class='ocrx_word' id='word_1_115' title='bbox 147 1386 205 1428; x_wconf 75' lang='lat' dir='ltr'>«Per</span> <span class='ocrx_word' id='word_1_116' title='bbox 218 1385 242 1428; x_wconf 88' lang='lat' dir='ltr'>id</span> <span class='ocrx_word' id='word_1_117' title='bbox 255 1392 350 1442; x_wconf 78' lang='lat' dir='ltr'>tempus,</span> <span class='ocrx_word' id='word_1_118' title='bbox 363 1385 442 1441; x_wconf 80' lang='lat' dir='ltr'>inquit,</span> <span class='ocrx_word' id='word_1_119' title='bbox 455 1390 529 1441; x_wconf 87' lang='lat' dir='ltr'>patres</span> <span class='ocrx_word' id='word_1_120' title='bbox 538 1384 695 1427; x_wconf 78' lang='lat' dir='ltr'>monachorrnn</span> <span class='ocrx_word' id='word_1_121' title='bbox 704 1386 755 1427; x_wconf 82' lang='lat' dir='ltr'>vitae</span> <span class='ocrx_word' id='word_1_122' title='bbox 766 1391 787 1427; x_wconf 91' lang='lat' dir='ltr'>et</span> <span class='ocrx_word' id='word_1_123' title='bbox 797 1387 849 1427; x_wconf 90' lang='lat' dir='ltr'>anti-</span> 
     </span>
     <span class='ocr_line' id='line_1_17' title="bbox 146 1454 849 1512; baseline 0.003 -16"><span class='ocrx_word' id='word_1_124' title='bbox 146 1456 232 1512; x_wconf 79' lang='lat' dir='ltr'>quitatis</span> <span class='ocrx_word' id='word_1_125' title='bbox 242 1456 325 1510; x_wconf 74' lang='lat' dir='ltr'>merito,</span> <span class='ocrx_word' id='word_1_126' title='bbox 336 1455 453 1509; x_wconf 75' lang='lat' dir='ltr'>Macarius,</span> <span class='ocrx_word' id='word_1_127' title='bbox 464 1454 568 1510; x_wconf 77' lang='lat' dir='ltr'>Isidorus,</span> <span class='ocrx_word' id='word_1_128' title='bbox 579 1454 677 1511; x_wconf 89' lang='lat' dir='ltr'>aliusque</span> <span class='ocrx_word' id='word_1_129' title='bbox 688 1455 808 1510; x_wconf 77' lang='lat' dir='ltr'>Macarius,</span> <span class='ocrx_word' id='word_1_130' title='bbox 820 1462 849 1498; x_wconf 86' lang='lat' dir='ltr'>at-</span> 
     </span>
     <span class='ocr_line' id='line_1_18' title="bbox 145 1523 849 1582; baseline 0.001 -15"><span class='ocrx_word' id='word_1_131' title='bbox 145 1539 187 1581; x_wconf 89' lang='lat' dir='ltr'>que</span> <span class='ocrx_word' id='word_1_132' title='bbox 193 1524 322 1567; x_wconf 78' lang='lat' dir='ltr'>Heraclides</span> <span class='ocrx_word' id='word_1_133' title='bbox 331 1530 352 1566; x_wconf 93' lang='lat' dir='ltr'>et</span> <span class='ocrx_word' id='word_1_134' title='bbox 358 1524 461 1579; x_wconf 80' lang='lat' dir='ltr'>Pambus,</span> <span class='ocrx_word' id='word_1_135' title='bbox 470 1523 560 1566; x_wconf 82' lang='lat' dir='ltr'>Antonii</span> <span class='ocrx_word' id='word_1_136' title='bbox 568 1524 667 1580; x_wconf 82' lang='lat' dir='ltr'>discipuli</span> <span class='ocrx_word' id='word_1_137' title='bbox 675 1539 714 1581; x_wconf 89' lang='lat' dir='ltr'>per</span> <span class='ocrx_word' id='word_1_138' title='bbox 719 1525 849 1582; x_wconf 77' lang='lat' dir='ltr'>AEgyptum,</span> 
     </span>
     <span class='ocr_line' id='line_1_19' title="bbox 145 1593 850 1651; baseline 0 -15"><span class='ocrx_word' id='word_1_139' title='bbox 145 1601 166 1636; x_wconf 91' lang='lat' dir='ltr'>et</span> <span class='ocrx_word' id='word_1_140' title='bbox 176 1595 271 1636; x_wconf 76' lang='lat' dir='ltr'>maxime</span> <span class='ocrx_word' id='word_1_141' title='bbox 282 1595 305 1636; x_wconf 91' lang='lat' dir='ltr'>in</span> <span class='ocrx_word' id='word_1_142' title='bbox 314 1594 389 1636; x_wconf 78' lang='lat' dir='ltr'>Nitriae</span> <span class='ocrx_word' id='word_1_143' title='bbox 401 1593 481 1636; x_wconf 84' lang='lat' dir='ltr'>deserti</span> <span class='ocrx_word' id='word_1_144' title='bbox 490 1594 588 1650; x_wconf 87' lang='lat' dir='ltr'>partibus</span> <span class='ocrx_word' id='word_1_145' title='bbox 598 1593 737 1636; x_wconf 76' lang='lat' dir='ltr'>habebantur</span> <span class='ocrx_word' id='word_1_146' title='bbox 746 1595 798 1650; x_wconf 74' lang='lat' dir='ltr'>viri,</span> <span class='ocrx_word' id='word_1_147' title='bbox 813 1596 850 1651; x_wconf 91' lang='lat' dir='ltr'>qui</span> 
     </span>
     <span class='ocr_line' id='line_1_20' title="bbox 145 1663 848 1719; baseline 0.003 -15"><span class='ocrx_word' id='word_1_148' title='bbox 145 1664 276 1706; x_wconf 79' lang='lat' dir='ltr'>consortirun</span> <span class='ocrx_word' id='word_1_149' title='bbox 289 1664 339 1705; x_wconf 76' lang='lat' dir='ltr'>vitae</span> <span class='ocrx_word' id='word_1_150' title='bbox 353 1669 375 1705; x_wconf 91' lang='lat' dir='ltr'>et</span> <span class='ocrx_word' id='word_1_151' title='bbox 388 1668 486 1718; x_wconf 79' lang='lat' dir='ltr'>actuum,</span> <span class='ocrx_word' id='word_1_152' title='bbox 500 1678 544 1705; x_wconf 92' lang='lat' dir='ltr'>non</span> <span class='ocrx_word' id='word_1_153' title='bbox 558 1678 608 1705; x_wconf 90' lang='lat' dir='ltr'>cum</span> <span class='ocrx_word' id='word_1_154' title='bbox 622 1664 705 1706; x_wconf 85' lang='lat' dir='ltr'>caeteris</span> <span class='ocrx_word' id='word_1_155' title='bbox 715 1663 848 1719; x_wconf 77' lang='lat' dir='ltr'>mortalibus,</span> 
     </span>
     <span class='ocr_line' id='line_1_21' title="bbox 144 1731 850 1790; baseline 0 -15"><span class='ocrx_word' id='word_1_156' title='bbox 144 1732 184 1775; x_wconf 86' lang='lat' dir='ltr'>sed</span> <span class='ocrx_word' id='word_1_157' title='bbox 195 1747 245 1775; x_wconf 79' lang='lat' dir='ltr'>erun</span> <span class='ocrx_word' id='word_1_158' title='bbox 255 1734 361 1789; x_wconf 86' lang='lat' dir='ltr'>supremis</span> <span class='ocrx_word' id='word_1_159' title='bbox 369 1732 461 1789; x_wconf 81' lang='lat' dir='ltr'>Angelis</span> <span class='ocrx_word' id='word_1_160' title='bbox 472 1732 554 1775; x_wconf 84' lang='lat' dir='ltr'>habere</span> <span class='ocrx_word' id='word_1_161' title='bbox 566 1731 718 1775; x_wconf 78' lang='lat' dir='ltr'>credebantur.</span> <span class='ocrx_word' id='word_1_162' title='bbox 732 1733 786 1785; x_wconf 76' lang='lat' dir='ltr'>Quae</span> <span class='ocrx_word' id='word_1_163' title='bbox 797 1748 850 1790; x_wconf 87' lang='lat' dir='ltr'>prae-</span> 
     </span>
     <span class='ocr_line' id='line_1_22' title="bbox 144 1802 850 1860; baseline 0 -15"><span class='ocrx_word' id='word_1_164' title='bbox 144 1818 194 1845; x_wconf 88' lang='lat' dir='ltr'>sens</span> <span class='ocrx_word' id='word_1_165' title='bbox 204 1802 250 1846; x_wconf 77' lang='lat' dir='ltr'>vidi</span> <span class='ocrx_word' id='word_1_166' title='bbox 259 1803 336 1859; x_wconf 91' lang='lat' dir='ltr'>loquor</span> <span class='ocrx_word' id='word_1_167' title='bbox 347 1808 368 1845; x_wconf 91' lang='grc'>61</span> <span class='ocrx_word' id='word_1_168' title='bbox 380 1818 454 1845; x_wconf 89' lang='lat' dir='ltr'>eorum</span> <span class='ocrx_word' id='word_1_169' title='bbox 465 1809 527 1860; x_wconf 80' lang='lat' dir='ltr'>gesta</span> <span class='ocrx_word' id='word_1_170' title='bbox 538 1803 620 1858; x_wconf 78' lang='lat' dir='ltr'>refero,</span> <span class='ocrx_word' id='word_1_171' title='bbox 635 1817 728 1859; x_wconf 76' lang='lat' dir='ltr'>quorrnn</span> <span class='ocrx_word' id='word_1_172' title='bbox 737 1805 761 1845; x_wconf 89' lang='lat' dir='ltr'>in</span> <span class='ocrx_word' id='word_1_173' title='bbox 770 1805 850 1860; x_wconf 89' lang='lat' dir='ltr'>passio-</span> 
     </span>
     <span class='ocr_line' id='line_1_23' title="bbox 144 1872 850 1929; baseline 0.001 -15"><span class='ocrx_word' id='word_1_174' title='bbox 144 1873 207 1914; x_wconf 91' lang='lat' dir='ltr'>nibus</span> <span class='ocrx_word' id='word_1_175' title='bbox 223 1874 294 1915; x_wconf 86' lang='lat' dir='ltr'>socius</span> <span class='ocrx_word' id='word_1_176' title='bbox 310 1887 358 1928; x_wconf 81' lang='lat' dir='ltr'>esse</span> <span class='ocrx_word' id='word_1_177' title='bbox 374 1874 514 1929; x_wconf 69' lang='lat' dir='ltr'>promerui.»⁴</span> <span class='ocrx_word' id='word_1_178' title='bbox 528 1872 558 1914; x_wconf 87' lang='lat' dir='ltr'>Et</span> <span class='ocrx_word' id='word_1_179' title='bbox 571 1878 595 1914; x_wconf 89' lang='lat' dir='ltr'>ut</span> <span class='ocrx_word' id='word_1_180' title='bbox 607 1872 681 1915; x_wconf 78' lang='lat' dir='ltr'>verbis</span> <span class='ocrx_word' id='word_1_181' title='bbox 695 1874 762 1929; x_wconf 89' lang='lat' dir='ltr'>ipsius</span> <span class='ocrx_word' id='word_1_182' title='bbox 775 1873 850 1915; x_wconf 85' lang='lat' dir='ltr'>Rufini</span> 
     </span>
     <span class='ocr_line' id='line_1_24' title="bbox 143 1935 850 1999; baseline 0.003 -16"><span class='ocrx_word' id='word_1_183' title='bbox 143 1941 190 1983; x_wconf 86' lang='lat' dir='ltr'>haec</span> <span class='ocrx_word' id='word_1_184' title='bbox 201 1941 314 1984; x_wconf 78' lang='lat' dir='ltr'>absolvam</span> <span class='ocrx_word' id='word_1_185' title='bbox 325 1941 353 1984; x_wconf 86' lang='lat' dir='ltr'>de</span> <span class='ocrx_word' id='word_1_186' title='bbox 363 1942 419 1984; x_wconf 91' lang='lat' dir='ltr'>illius</span> <span class='ocrx_word' id='word_1_187' title='bbox 429 1956 469 1999; x_wconf 91' lang='lat' dir='ltr'>per</span> <span class='ocrx_word' id='word_1_188' title='bbox 479 1935 699 1999; x_wconf 77' lang='lat' dir='ltr'>AEgyptumitinerc,</span> <span class='ocrx_word' id='word_1_189' title='bbox 715 1949 765 1985; x_wconf 87' lang='lat' dir='ltr'>sunt</span> <span class='ocrx_word' id='word_1_190' title='bbox 776 1949 797 1985; x_wconf 92' lang='lat' dir='ltr'>et</span> <span class='ocrx_word' id='word_1_191' title='bbox 808 1943 850 1985; x_wconf 90' lang='lat' dir='ltr'>alia</span> 
     </span>
     <span class='ocr_line' id='line_1_25' title="bbox 145 2010 879 2069; baseline 0.004 -17"><span class='ocrx_word' id='word_1_192' title='bbox 145 2010 245 2067; x_wconf 77' lang='lat' dir='ltr'>quaedam</span> <span class='ocrx_word' id='word_1_193' title='bbox 260 2011 296 2053; x_wconf 91' lang='lat' dir='ltr'>hic</span> <span class='ocrx_word' id='word_1_194' title='bbox 311 2011 428 2053; x_wconf 90' lang='lat' dir='ltr'>inserenda</span> <span class='ocrx_word' id='word_1_195' title='bbox 442 2011 531 2054; x_wconf 81' lang='lat' dir='ltr'>verba:</span> <span class='ocrx_word' id='word_1_196' title='bbox 548 2011 667 2054; x_wconf 80' lang='lat' dir='ltr'>«Florebat</span> <span class='ocrx_word' id='word_1_197' title='bbox 680 2013 754 2068; x_wconf 75' lang='lat' dir='ltr'>igitrn⁷</span> <span class='ocrx_word' id='word_1_198' title='bbox 773 2013 849 2069; x_wconf 72' lang='lat' dir='ltr'>inquit,</span> <span class='ocrx_word' id='word_1_199' title='bbox 877 2037 879 2039; x_wconf 97' lang='lat'>·</span> 
     </span>
     <span class='ocr_line' id='line_1_26' title="bbox 143 2080 850 2138; baseline 0.004 -16"><span class='ocrx_word' id='word_1_200' title='bbox 143 2080 255 2137; x_wconf 77' lang='lat' dir='ltr'>AEgyptus</span> <span class='ocrx_word' id='word_1_201' title='bbox 270 2096 296 2123; x_wconf 88' lang='lat' dir='ltr'>ea</span> <span class='ocrx_word' id='word_1_202' title='bbox 309 2086 437 2138; x_wconf 84' lang='lat' dir='ltr'>tempestate</span> <span class='ocrx_word' id='word_1_203' title='bbox 451 2095 495 2123; x_wconf 91' lang='lat' dir='ltr'>non</span> <span class='ocrx_word' id='word_1_204' title='bbox 508 2080 577 2123; x_wconf 87' lang='lat' dir='ltr'>solum</span> <span class='ocrx_word' id='word_1_205' title='bbox 591 2080 680 2124; x_wconf 91' lang='lat' dir='ltr'>eruditis</span> <span class='ocrx_word' id='word_1_206' title='bbox 693 2082 717 2124; x_wconf 90' lang='lat' dir='ltr'>in</span> <span class='ocrx_word' id='word_1_207' title='bbox 727 2081 850 2125; x_wconf 74' lang='lat' dir='ltr'>Christiana</span> 
     </span>
     <span class='ocr_line' id='line_1_27' title="bbox 143 2150 850 2207; baseline 0.004 -16"><span class='ocrx_word' id='word_1_208' title='bbox 143 2150 279 2206; x_wconf 88' lang='lat' dir='ltr'>philosophia</span> <span class='ocrx_word' id='word_1_209' title='bbox 289 2151 348 2205; x_wconf 72' lang='grc'><strong>11110,</strong></span> <span class='ocrx_word' id='word_1_210' title='bbox 358 2165 437 2193; x_wconf 80' lang='lat' dir='ltr'>rerum</span> <span class='ocrx_word' id='word_1_211' title='bbox 448 2151 512 2192; x_wconf 87' lang='lat' dir='ltr'>etiam</span> <span class='ocrx_word' id='word_1_212' title='bbox 522 2150 555 2193; x_wconf 93' lang='lat' dir='ltr'>his</span> <span class='ocrx_word' id='word_1_213' title='bbox 566 2152 603 2207; x_wconf 89' lang='lat' dir='ltr'>qui</span> <span class='ocrx_word' id='word_1_214' title='bbox 610 2166 650 2207; x_wconf 91' lang='lat' dir='ltr'>per</span> <span class='ocrx_word' id='word_1_215' title='bbox 657 2157 743 2193; x_wconf 77' lang='lat' dir='ltr'>uastam</span> <span class='ocrx_word' id='word_1_216' title='bbox 754 2167 850 2206; x_wconf 87' lang='lat' dir='ltr'>eremum</span> 
     </span>
     <span class='ocr_line' id='line_1_28' title="bbox 145 2218 851 2277; baseline 0.004 -17"><span class='ocrx_word' id='word_1_217' title='bbox 145 2225 290 2261; x_wconf 82' lang='lat' dir='ltr'>commeantes</span> <span class='ocrx_word' id='word_1_218' title='bbox 296 2220 358 2275; x_wconf 84' lang='lat' dir='ltr'>signa</span> <span class='ocrx_word' id='word_1_219' title='bbox 366 2225 388 2261; x_wconf 88' lang='lat' dir='ltr'>et</span> <span class='ocrx_word' id='word_1_220' title='bbox 395 2218 500 2276; x_wconf 77' lang='lat' dir='ltr'>prodigia,</span> <span class='ocrx_word' id='word_1_221' title='bbox 507 2219 623 2276; x_wconf 87' lang='lat' dir='ltr'>apostolica</span> <span class='ocrx_word' id='word_1_222' title='bbox 632 2220 767 2277; x_wconf 85' lang='lat' dir='ltr'>simplicitate</span> <span class='ocrx_word' id='word_1_223' title='bbox 777 2228 797 2263; x_wconf 93' lang='lat' dir='ltr'>et</span> <span class='ocrx_word' id='word_1_224' title='bbox 806 2236 851 2263; x_wconf 86' lang='lat' dir='ltr'>cor-</span> 
     </span>
     <span class='ocr_line' id='line_1_29' title="bbox 145 2287 850 2347; baseline 0.006 -19"><span class='ocrx_word' id='word_1_225' title='bbox 145 2287 178 2329; x_wconf 89' lang='lat' dir='ltr'>dis</span> <span class='ocrx_word' id='word_1_226' title='bbox 189 2289 311 2330; x_wconf 87' lang='lat' dir='ltr'>sinceritate</span> <span class='ocrx_word' id='word_1_227' title='bbox 321 2289 445 2331; x_wconf 86' lang='lat' dir='ltr'>faciebant:</span> <span class='ocrx_word' id='word_1_228' title='bbox 455 2304 483 2331; x_wconf 77' lang='lat' dir='ltr'>ex</span> <span class='ocrx_word' id='word_1_229' title='bbox 494 2289 573 2345; x_wconf 90' lang='lat' dir='ltr'>quibus</span> <span class='ocrx_word' id='word_1_230' title='bbox 584 2290 670 2332; x_wconf 85' lang='lat' dir='ltr'>interim</span> <span class='ocrx_word' id='word_1_231' title='bbox 681 2304 735 2346; x_wconf 91' lang='lat' dir='ltr'>quos</span> <span class='ocrx_word' id='word_1_232' title='bbox 745 2290 850 2347; x_wconf 66' lang='grc'><strong>1110111111-</strong></span> 
     </span>
     <span class='ocr_line' id='line_1_30' title="bbox 144 2357 851 2414; baseline 0.006 -16"><span class='ocrx_word' id='word_1_233' title='bbox 144 2372 192 2398; x_wconf 89' lang='lat' dir='ltr'>1nus</span> <span class='ocrx_word' id='word_1_234' title='bbox 203 2364 224 2399; x_wconf 93' lang='lat' dir='ltr'>et</span> <span class='ocrx_word' id='word_1_235' title='bbox 233 2372 325 2413; x_wconf 89' lang='lat' dir='ltr'>quorum</span> <span class='ocrx_word' id='word_1_236' title='bbox 334 2357 436 2400; x_wconf 82' lang='lat' dir='ltr'>benedici</span> <span class='ocrx_word' id='word_1_237' title='bbox 443 2359 545 2401; x_wconf 88' lang='lat' dir='ltr'>manibus</span> <span class='ocrx_word' id='word_1_238' title='bbox 552 2360 678 2414; x_wconf 85' lang='lat' dir='ltr'>meruimus,</span> <span class='ocrx_word' id='word_1_239' title='bbox 689 2359 712 2401; x_wconf 91' lang='grc'>111</span> <span class='ocrx_word' id='word_1_240' title='bbox 720 2366 770 2402; x_wconf 91' lang='lat' dir='ltr'>sunt</span> <span class='ocrx_word' id='word_1_241' title='bbox 777 2359 851 2402; x_wconf 86' lang='lat' dir='ltr'>Maca-</span> 
     </span>
     <span class='ocr_line' id='line_1_31' title="bbox 144 2422 851 2485; baseline 0.007 -18"><span class='ocrx_word' id='word_1_242' title='bbox 144 2422 333 2483; x_wconf 85' lang='lat' dir='ltr'>riusdesuperiori</span> <span class='ocrx_word' id='word_1_243' title='bbox 341 2442 419 2483; x_wconf 68' lang='lat' dir='ltr'>eremo,</span> <span class='ocrx_word' id='word_1_244' title='bbox 428 2428 482 2470; x_wconf 89' lang='lat' dir='ltr'>alius</span> <span class='ocrx_word' id='word_1_245' title='bbox 488 2428 598 2471; x_wconf 86' lang='lat' dir='ltr'>Macarius</span> <span class='ocrx_word' id='word_1_246' title='bbox 609 2427 636 2470; x_wconf 87' lang='lat' dir='ltr'>de</span> <span class='ocrx_word' id='word_1_247' title='bbox 644 2429 746 2485; x_wconf 77' lang='lat' dir='ltr'>inferiori,</span> <span class='ocrx_word' id='word_1_248' title='bbox 755 2430 851 2472; x_wconf 86' lang='lat' dir='ltr'>Isidorus</span> 
     </span>
     <span class='ocr_line' id='line_1_32' title="bbox 144 2495 850 2554; baseline 0.007 -18"><span class='ocrx_word' id='word_1_249' title='bbox 144 2496 166 2536; x_wconf 89' lang='lat' dir='ltr'>in</span> <span class='ocrx_word' id='word_1_250' title='bbox 175 2495 241 2551; x_wconf 79' lang='lat' dir='ltr'>Scyti,</span> <span class='ocrx_word' id='word_1_251' title='bbox 250 2496 347 2539; x_wconf 86' lang='lat' dir='ltr'>Pambus</span> <span class='ocrx_word' id='word_1_252' title='bbox 358 2499 380 2538; x_wconf 88' lang='lat' dir='ltr'>in</span> <span class='ocrx_word' id='word_1_253' title='bbox 391 2497 479 2553; x_wconf 76' lang='lat' dir='ltr'>cellulis,</span> <span class='ocrx_word' id='word_1_254' title='bbox 490 2498 579 2554; x_wconf 81' lang='lat' dir='ltr'>Moyses</span> <span class='ocrx_word' id='word_1_255' title='bbox 589 2504 609 2540; x_wconf 90' lang='lat' dir='ltr'>et</span> <span class='ocrx_word' id='word_1_256' title='bbox 617 2498 731 2540; x_wconf 88' lang='lat' dir='ltr'>Beniamin</span> <span class='ocrx_word' id='word_1_257' title='bbox 742 2500 764 2540; x_wconf 89' lang='lat' dir='ltr'>in</span> <span class='ocrx_word' id='word_1_258' title='bbox 773 2499 850 2554; x_wconf 79' lang='lat' dir='ltr'>Ninia,</span> 
     </span>
    </p>
   </div>
   <div class='ocr_carea' id='block_1_3' title="bbox 144 2590 851 2694">
    <p class='ocr_par' dir='ltr' id='par_1_3' title="bbox 144 2590 851 2694">
     <span class='ocr_line' id='line_1_33' title="bbox 176 2590 851 2634; baseline 0.007 -13"><span class='ocrx_word' id='word_1_259' title='bbox 176 2592 190 2622; x_wconf 86' lang='lat'>1.</span> <span class='ocrx_word' id='word_1_260' title='bbox 200 2590 245 2623; x_wconf 78' lang='lat' dir='ltr'>Hirt.</span> <span class='ocrx_word' id='word_1_261' title='bbox 254 2590 298 2623; x_wconf 79' lang='lat' dir='ltr'>laus.</span> <span class='ocrx_word' id='word_1_262' title='bbox 308 2590 380 2624; x_wconf 78' lang='lat' dir='ltr'>CXVII.</span> <span class='ocrx_word' id='word_1_263' title='bbox 394 2610 415 2615; x_wconf 89' lang='lat'><em>-</em></span> <span class='ocrx_word' id='word_1_264' title='bbox 429 2592 499 2625; x_wconf 73' lang='grc'><strong>2,]1101.</strong></span> <span class='ocrx_word' id='word_1_265' title='bbox 510 2593 581 2626; x_wconf 61' lang='lat' dir='ltr'>CXVII⁴</span> <span class='ocrx_word' id='word_1_266' title='bbox 593 2612 614 2616; x_wconf 89' lang='lat'><em>-</em></span> <span class='ocrx_word' id='word_1_267' title='bbox 628 2594 643 2625; x_wconf 83' lang='lat'>3.</span> <span class='ocrx_word' id='word_1_268' title='bbox 653 2593 742 2627; x_wconf 82' lang='lat' dir='ltr'>Theodos.</span> <span class='ocrx_word' id='word_1_269' title='bbox 752 2594 798 2627; x_wconf 64' lang='lat' dir='ltr'>Hira</span> <span class='ocrx_word' id='word_1_270' title='bbox 807 2594 851 2634; x_wconf 72' lang='lat' dir='ltr'>ecel„</span> 
     </span>
     <span class='ocr_line' id='line_1_34' title="bbox 144 2647 730 2694; baseline 0.01 -15"><span class='ocrx_word' id='word_1_271' title='bbox 144 2647 175 2680; x_wconf 83' lang='lat' dir='ltr'>lib.</span> <span class='ocrx_word' id='word_1_272' title='bbox 185 2648 217 2689; x_wconf 75' lang='lat' dir='ltr'>tv,</span> <span class='ocrx_word' id='word_1_273' title='bbox 230 2658 269 2691; x_wconf 87' lang='lat' dir='ltr'>cap.</span> <span class='ocrx_word' id='word_1_274' title='bbox 278 2648 336 2681; x_wconf 72' lang='lat' dir='ltr'>xxii.</span> <span class='ocrx_word' id='word_1_275' title='bbox 346 2668 367 2672; x_wconf 87' lang='lat'><em>-</em></span> <span class='ocrx_word' id='word_1_276' title='bbox 381 2650 504 2684; x_wconf 68' lang='grc'><strong>1111111116.</strong></span> <span class='ocrx_word' id='word_1_277' title='bbox 514 2651 558 2692; x_wconf 72' lang='lat' dir='ltr'>eccl,</span> <span class='ocrx_word' id='word_1_278' title='bbox 571 2651 602 2684; x_wconf 76' lang='lat' dir='ltr'>lib,</span> <span class='ocrx_word' id='word_1_279' title='bbox 613 2651 637 2693; x_wconf 79' lang='lat' dir='ltr'>lI7</span> <span class='ocrx_word' id='word_1_280' title='bbox 650 2662 689 2694; x_wconf 86' lang='lat' dir='ltr'>cap.</span> <span class='ocrx_word' id='word_1_281' title='bbox 698 2652 730 2685; x_wconf 80' lang='lat' dir='ltr'>IV.</span> 
     </span>
    </p>
   </div>
   <div class='ocr_carea' id='block_1_4' title="bbox 0 0 914 3169">
    <p class='ocr_par' dir='ltr' id='par_1_4' title="bbox 0 0 914 3169">
     <span class='ocr_line' id='line_1_35' title="bbox 0 0 914 3169; baseline 0 0"><span class='ocrx_word' id='word_1_282' title='bbox 0 0 914 3169; x_wconf 95' lang='lat' dir='ltr'> </span> 
     </span>
    </p>
   </div>
  </div>
 </body>
</html>
