1818 3169
299 332 387 360 msromn
396 331 494 360 11111111,
722 321 750 364 49

44 427 154 483 incipiens.
168 427 281 482 «Eramus,
291 428 367 483 inquit,
379 432 463 483 septem
470 427 548 469 fratres
556 428 666 484 peregrini
676 442 751 469 omnes

44 500 66 540 in
76 495 190 539 solitudine
198 496 279 552 Nitriae,
292 511 332 553 ego
343 503 364 539 et
374 497 452 539 beatus
463 497 579 554 Euagrius,
591 503 612 540 et
619 496 720 552 Albinus,
730 503 751 539 et

44 567 178 610 Ammonius.
196 565 355 618 Quaerebamus
372 572 445 609 autem
461 568 516 609 scire
531 573 633 610 accurate
650 581 751 623 quaenam

45 641 101 679 esset
110 635 175 692 hujus
185 637 227 678 uiri
238 634 326 693 (nempe
336 636 351 679 J
352 636 442 679 charmis
453 636 614 695 Lycopolitani)
625 638 700 679 virtus.
712 637 750 679 Di-

44 707 77 748 xit
90 711 164 748 autem
176 721 269 762 magnus
279 706 388 763 Euagrius
399 722 404 748 ε
415 706 529 749 Lubenter
542 708 622 749 scirem
635 707 663 749 ab
677 707 749 763 aliquo

45 776 81 832 qui
96 775 152 817 norit
167 776 292 818 examinare
308 781 329 817 et
344 781 440 818 mentem
455 781 476 817 et
490 776 617 831 orationem,
635 776 749 832 cujusnam

44 844 103 886 modi¹
113 845 139 886 sit
149 846 192 900 vir,
206 845 224 887 si
235 851 308 887 autem
318 859 358 900 ego
369 859 413 887 non
422 850 512 900 potuero
523 844 606 900 videre,
618 845 665 901 ejus
677 851 750 887 autem

23 945 25 949 ψ
44 915 94 956 ritae
104 915 224 956 institutum
235 920 336 956 accruate
347 913 423 956 audire
434 920 524 969 potuero
535 913 576 955 alio
587 919 697 969 narrante,
709 914 750 955 dis-

20 1020 22 1025 .
46 998 94 1025 cam
103 989 128 1024 ut
139 998 189 1025 eum
200 982 337 1037 conveniam,
353 982 412 1039 quod
425 983 444 1024 si
456 997 501 1024 non
512 981 607 1024 didicero
618 997 662 1024 non
672 983 708 1025 ibo
716 997 750 1024 us-

46 1068 87 1110 que
96 1051 125 1094 ad
132 1058 234 1094 montem.
240 1078 270 1082 —
276 1051 332 1094 Cum
340 1052 381 1094 hoc
390 1050 508 1094 audiissem
516 1053 623 1094 etnemini
632 1051 750 1108 quidquam

46 1123 159 1177 dixissem,
174 1122 247 1177 quievi
257 1136 326 1163 rmum
336 1120 403 1176 111111,
415 1121 455 1162 alio
467 1127 540 1163 autem
550 1121 631 1163 occlusi
642 1120 719 1163 celiam
730 1128 751 1163 et

47 1207 96 1234 cum
105 1206 141 1232 me
152 1197 173 1233 et
183 1192 252 1247 ipsam
262 1191 311 1233 Deo
324 1190 520 1245 commendassem,
535 1191 645 1246 profectus
659 1205 707 1233 sum
717 1206 751 1232 us-

46 1276 88 1317 que
98 1259 128 1301 ad
139 1259 282 1302 Thebaidem.
297 1259 353 1302 Cum
364 1275 389 1302 eo
400 1266 473 1302 autem
484 1259 561 1302 decem
572 1267 594 1302 11
607 1266 654 1301 1110
667 1259 751 1302 dierum

46 1331 113 1386 spatio
127 1330 286 1385 pervenissem,
297 1330 376 1386 partim
389 1329 478 1386 quidem
491 1329 594 1386 pedibus,
609 1330 688 1385 partim
698 1344 751 1371 vero

46 1399 169 1455 navigando
180 1400 202 1441 in
212 1399 307 1455 flumine,
319 1398 377 1456 (crat
387 1405 460 1442 autem
470 1405 556 1455 tempus
567 1414 670 1442 ascensus
678 1401 701 1441 in
709 1413 751 1455 quo

47 1469 107 1511 multi
117 1475 228 1524 aegrotant,
240 1469 299 1525 quod
309 1483 395 1525 quoque
406 1468 459 1511 mihi
469 1467 568 1525 accidit),
582 1484 632 1511 cum
643 1471 752 1511 venissem

48 1544 119 1581 autem
129 1539 203 1594 inveni
211 1538 309 1581 clausum
317 1538 364 1596 ejus
372 1538 510 1582 uestibulum.
515 1540 535 1575 »1
546 1538 584 1580 Ex
590 1538 624 1580 his
632 1539 752 1595 igitm·ve1·-

48 1609 80 1651 bis
94 1615 177 1651 constat
190 1609 232 1659 hoc
245 1610 286 1651 iter
299 1609 383 1665 absque
397 1610 474 1651 comite
491 1609 610 1651 confecisse
622 1609 751 1651 Palladium.

50 1696 59 1714 ‹<
66 1677 121 1719 Oum
131 1692 184 1719 vero
194 1693 208 1719 a
219 1684 293 1719 sancto
304 1680 452 1732 recessissem,
467 1679 545 1734 inquit,
556 1679 649 1720 venitin
659 1678 753 1720 solitudi-

48 1762 99 1790 nem
108 1748 131 1789 in
140 1747 188 1790 loco
200 1754 309 1803 consueto,
320 1747 367 1790 haec
379 1748 450 1790 omnia
459 1762 551 1790 narrans
562 1747 632 1790 beatis
642 1747 752 1803 fratribus,

50 1819 86 1873 qui
98 1823 146 1874 post
160 1818 213 1860 duos
226 1833 313 1860 menses
326 1824 434 1860 venerunt
448 1824 469 1860 et
482 1824 532 1860 sunt
543 1832 593 1860 eum
607 1833 632 1860 eo
647 1817 753 1872 collocuti,

48 1888 105 1943 iique
115 1887 163 1930 haec
173 1887 236 1930 nobis
247 1894 368 1930 narrarunt.
373 1890 395 1924 »2
407 1886 462 1939 Quae
473 1878 562 1944 quidem
572 1888 673 1944 proxima
683 1888 753 1930 verba

49 1956 170 1999 Palladirmr
180 1958 220 1999 iter
230 1972 305 1999 rursus
315 1968 359 1998 non
370 1956 489 1999 confecisse
501 1956 662 1999 demonstrant:
671 1957 754 1999 idcirco

50 2040 98 2082 quae
108 2026 176 2069 fusius
186 2033 261 2069 narrat
272 2026 299 2069 de
307 2026 400 2082 Ioanne,
412 2042 425 2068 a
435 2025 539 2069 fratribus
550 2026 639 2069 audivit.
651 2026 696 2069 Sed
706 2042 755 2069 nar-

50 2098 154 2141 rationem
168 2112 268 2154 exorsus,
282 2097 342 2140 hacid
356 2112 419 2141 secus
430 2113 457 2140 ac
466 2098 569 2153 Rufinus,
583 2099 672 2154 incipit:
684 2097 756 2141 «Vidi-

50 2182 97 2209 mus
108 2174 187 2224 autem,
201 2170 277 2225 inquit,
291 2168 357 2211 alium
370 2182 456 2226 quoque
466 2169 538 2211 uirum
548 2169 571 2211 in
581 2167 705 2224 Thebaide,
719 2182 756 2210 no-

51 2237 250 2294 mineAmmonam,
258 2239 347 2282 Patrem
354 2238 452 2282 termille
459 2238 621 2293 monachorum,
631 2252 684 2294 quos
691 2239 757 2281 etiam

51 2308 177 2352 nominabat
194 2308 378 2365 Tabennesiotas,
398 2310 435 2365 qui
455 2307 568 2351 habebant
585 2323 689 2364 magnum
706 2309 756 2351 vitae

52 2378 142 2434 agendae
156 2381 276 2422 institutum
290 2385 311 2422 et
325 2380 361 2436 qui
376 2385 397 2421 et
407 2377 482 2421 ovillas
493 2378 560 2435 peiles
571 2378 653 2420 ferrent
664 2384 685 2421 et
694 2378 757 2421 vultu

51 2452 107 2491 tecto
119 2449 258 2493 comederent
268 2456 290 2492 et
300 2464 323 2492 se
335 2448 436 2491 deorsum
446 2448 580 2504 inclinantes,
591 2463 619 2490 ne
631 2449 678 2504 quis
686 2450 758 2506 proxi-

52 2532 111 2561 mum
125 2519 274 2563 comedentem
288 2519 443 2576 adspiceret»³
453 2518 505 2560 Post
517 2517 650 2561 Ammonem
662 2520 759 2561 invisunt

82 2615 97 2646 1.
110 2614 158 2648 Hie.
171 2616 214 2648 {aaa
227 2614 293 2653 XLIII.
307 2613 341 2647 col.
356 2615 406 2646 1149.
420 2632 442 2636 -
455 2613 472 2646 2.
487 2612 530 2645 leid.
543 2613 609 2655 XLIII,
623 2613 657 2647 col.
671 2614 722 2647 1145.
736 2632 758 2636 -

54 2670 69 2702 3.
83 2671 128 2705 Ibid.
141 2673 224 2706 XLVIII.

642 2733 653 2762 4
