<?xml version="1.0" encoding="UTF-8"?>
<!DOCTYPE html PUBLIC "-//W3C//DTD XHTML 1.0 Transitional//EN"
    "http://www.w3.org/TR/xhtml1/DTD/xhtml1-transitional.dtd">
<html xmlns="http://www.w3.org/1999/xhtml" xml:lang="en" lang="en">
 <head>
  <title>
</title>
<meta http-equiv="Content-Type" content="text/html;charset=utf-8" />
  <meta name='ocr-system' content='tesseract 3.04.00' />
  <meta name='ocr-capabilities' content='ocr_page ocr_carea ocr_par ocr_line ocrx_word'/>
</head>
<body>
  <div class='ocr_page' id='page_1' title='image "MN41886ucmf_5_0081.png"; bbox 0 0 1818 3169; ppageno 0'>
   <div class='ocr_carea' id='block_1_1' title="bbox 305 303 756 345">
    <p class='ocr_par' dir='ltr' id='par_1_1' title="bbox 305 303 756 345">
     <span class='ocr_line' id='line_1_1' title="bbox 305 303 756 345; baseline 0.002 -1"><span class='ocrx_word' id='word_1_1' title='bbox 305 316 393 344; x_wconf 79' lang='lat' dir='ltr'>ursronn</span> <span class='ocrx_word' id='word_1_2' title='bbox 402 315 500 343; x_wconf 73' lang='lat' dir='ltr'>urusncl.</span> <span class='ocrx_word' id='word_1_3' title='bbox 729 303 756 345; x_wconf 72' lang='lat'>57</span> 
     </span>
    </p>
   </div>
   <div class='ocr_carea' id='block_1_2' title="bbox 49 410 390 2695">
    <p class='ocr_par' dir='ltr' id='par_1_2' title="bbox 49 410 390 2695">
     <span class='ocr_line' id='line_1_2' title="bbox 50 410 385 470; baseline -0.006 -15"><span class='ocrx_word' id='word_1_4' title='bbox 50 415 96 470; x_wconf 86' lang='lat' dir='ltr'>ipse</span> <span class='ocrx_word' id='word_1_5' title='bbox 106 424 159 453; x_wconf 80' lang='lat' dir='ltr'>vero</span> <span class='ocrx_word' id='word_1_6' title='bbox 170 412 203 453; x_wconf 90' lang='lat' dir='ltr'>sui</span> <span class='ocrx_word' id='word_1_7' title='bbox 213 410 326 468; x_wconf 82' lang='lat' dir='ltr'>negligens</span> <span class='ocrx_word' id='word_1_8' title='bbox 330 444 336 467; x_wconf 71' lang='lat'><em>⁷</em></span> <span class='ocrx_word' id='word_1_9' title='bbox 349 425 385 453; x_wconf 87' lang='lat' dir='ltr'>no-</span> 
     </span>
     <span class='ocr_line' id='line_1_3' title="bbox 51 481 386 525; baseline 0 0"><span class='ocrx_word' id='word_1_10' title='bbox 51 484 89 525; x_wconf 89' lang='lat' dir='ltr'>stri</span> <span class='ocrx_word' id='word_1_11' title='bbox 97 481 199 524; x_wconf 88' lang='lat' dir='ltr'>sollicitus</span> <span class='ocrx_word' id='word_1_12' title='bbox 208 486 260 524; x_wconf 88' lang='lat' dir='ltr'>erat.</span> <span class='ocrx_word' id='word_1_13' title='bbox 269 481 284 525; x_wconf 89' lang='lat' dir='ltr'><strong>J</strong></span> <span class='ocrx_word' id='word_1_14' title='bbox 284 497 320 524; x_wconf 90' lang='lat' dir='ltr'>am</span> <span class='ocrx_word' id='word_1_15' title='bbox 328 482 386 525; x_wconf 86' lang='lat' dir='ltr'>enim</span> 
     </span>
     <span class='ocr_line' id='line_1_4' title="bbox 52 551 386 608; baseline -0.003 -14"><span class='ocrx_word' id='word_1_16' title='bbox 52 553 151 594; x_wconf 88' lang='lat' dir='ltr'>continuo</span> <span class='ocrx_word' id='word_1_17' title='bbox 162 565 203 592; x_wconf 91' lang='lat' dir='ltr'>usu</span> <span class='ocrx_word' id='word_1_18' title='bbox 214 557 235 593; x_wconf 89' lang='lat' dir='ltr'>et</span> <span class='ocrx_word' id='word_1_19' title='bbox 239 551 289 608; x_wconf 80' lang='lat' dir='ltr'>jugi</span> <span class='ocrx_word' id='word_1_20' title='bbox 298 566 386 594; x_wconf 91' lang='lat' dir='ltr'>consue-</span> 
     </span>
     <span class='ocr_line' id='line_1_5' title="bbox 51 621 387 682; baseline -0.003 -17"><span class='ocrx_word' id='word_1_21' title='bbox 51 621 125 665; x_wconf 88' lang='lat' dir='ltr'>tudine</span> <span class='ocrx_word' id='word_1_22' title='bbox 140 621 239 682; x_wconf 79' lang='lat' dir='ltr'>recipere</span> <span class='ocrx_word' id='word_1_23' title='bbox 255 621 328 664; x_wconf 91' lang='lat' dir='ltr'>cibum</span> <span class='ocrx_word' id='word_1_24' title='bbox 345 623 387 664; x_wconf 90' lang='lat' dir='ltr'>nisi</span> 
     </span>
     <span class='ocr_line' id='line_1_6' title="bbox 50 692 386 747; baseline 0.003 -14"><span class='ocrx_word' id='word_1_25' title='bbox 50 693 73 733; x_wconf 91' lang='lat' dir='ltr'>in</span> <span class='ocrx_word' id='word_1_26' title='bbox 83 705 177 747; x_wconf 86' lang='lat' dir='ltr'>vespera</span> <span class='ocrx_word' id='word_1_27' title='bbox 186 696 279 747; x_wconf 79' lang='lat' dir='ltr'>poterat,</span> <span class='ocrx_word' id='word_1_28' title='bbox 294 697 315 734; x_wconf 91' lang='lat' dir='ltr'>et</span> <span class='ocrx_word' id='word_1_29' title='bbox 328 692 386 734; x_wconf 89' lang='lat' dir='ltr'>huno</span> 
     </span>
     <span class='ocr_line' id='line_1_7' title="bbox 52 755 387 818; baseline 0 -14"><span class='ocrx_word' id='word_1_30' title='bbox 52 762 166 818; x_wconf 78' lang='lat' dir='ltr'>exiguum:</span> <span class='ocrx_word' id='word_1_31' title='bbox 174 766 221 803; x_wconf 88' lang='lat' dir='ltr'>erat</span> <span class='ocrx_word' id='word_1_32' title='bbox 226 755 284 804; x_wconf 88' lang='lat' dir='ltr'>enim</span> <span class='ocrx_word' id='word_1_33' title='bbox 292 767 387 804; x_wconf 84' lang='lat' dir='ltr'>attenua-</span> 
     </span>
     <span class='ocr_line' id='line_1_8' title="bbox 51 831 387 887; baseline -0.003 -14"><span class='ocrx_word' id='word_1_34' title='bbox 51 837 95 886; x_wconf 68' lang='lat' dir='ltr'>tus7</span> <span class='ocrx_word' id='word_1_35' title='bbox 113 836 135 873; x_wconf 91' lang='lat' dir='ltr'>et</span> <span class='ocrx_word' id='word_1_36' title='bbox 149 831 204 873; x_wconf 87' lang='lat' dir='ltr'>aridi</span> <span class='ocrx_word' id='word_1_37' title='bbox 220 833 326 887; x_wconf 79' lang='lat' dir='ltr'>corporis,</span> <span class='ocrx_word' id='word_1_38' title='bbox 342 845 387 887; x_wconf 84' lang='lat' dir='ltr'>prae</span> 
     </span>
     <span class='ocr_line' id='line_1_9' title="bbox 51 900 388 956; baseline -0.003 -13"><span class='ocrx_word' id='word_1_39' title='bbox 51 900 200 943; x_wconf 84' lang='lat' dir='ltr'>abstinentia:</span> <span class='ocrx_word' id='word_1_40' title='bbox 214 900 286 956; x_wconf 88' lang='lat' dir='ltr'>capilli</span> <span class='ocrx_word' id='word_1_41' title='bbox 303 901 350 956; x_wconf 87' lang='lat' dir='ltr'>ejus</span> <span class='ocrx_word' id='word_1_42' title='bbox 367 905 388 942; x_wconf 86' lang='lat' dir='ltr'>et</span> 
     </span>
     <span class='ocr_line' id='line_1_10' title="bbox 51 969 388 1025; baseline -0.003 -14"><span class='ocrx_word' id='word_1_43' title='bbox 51 969 122 1012; x_wconf 85' lang='lat' dir='ltr'>barba</span> <span class='ocrx_word' id='word_1_44' title='bbox 133 971 194 1025; x_wconf 83' lang='lat' dir='ltr'>quasi</span> <span class='ocrx_word' id='word_1_45' title='bbox 205 983 235 1011; x_wconf 76' lang='lat' dir='ltr'>ex</span> <span class='ocrx_word' id='word_1_46' title='bbox 243 969 349 1025; x_wconf 83' lang='lat' dir='ltr'>languore</span> <span class='ocrx_word' id='word_1_47' title='bbox 357 970 388 1011; x_wconf 90' lang='lat' dir='ltr'>ni-</span> 
     </span>
     <span class='ocr_line' id='line_1_11' title="bbox 52 1040 388 1095; baseline -0.006 -12"><span class='ocrx_word' id='word_1_48' title='bbox 52 1040 94 1083; x_wconf 87' lang='lat' dir='ltr'>mio</span> <span class='ocrx_word' id='word_1_49' title='bbox 109 1054 160 1082; x_wconf 87' lang='lat' dir='ltr'>rara</span> <span class='ocrx_word' id='word_1_50' title='bbox 175 1045 197 1081; x_wconf 91' lang='lat' dir='ltr'>et</span> <span class='ocrx_word' id='word_1_51' title='bbox 212 1040 296 1094; x_wconf 76' lang='lat' dir='ltr'>tenuis,</span> <span class='ocrx_word' id='word_1_52' title='bbox 314 1044 388 1095; x_wconf 85' lang='lat' dir='ltr'>utpote</span> 
     </span>
     <span class='ocr_line' id='line_1_12' title="bbox 54 1108 388 1167; baseline -0.003 -16"><span class='ocrx_word' id='word_1_53' title='bbox 54 1124 118 1167; x_wconf 88' lang='lat' dir='ltr'>quam</span> <span class='ocrx_word' id='word_1_54' title='bbox 126 1108 198 1151; x_wconf 89' lang='lat' dir='ltr'>nullus</span> <span class='ocrx_word' id='word_1_55' title='bbox 207 1108 317 1151; x_wconf 77' lang='lat' dir='ltr'>sufficiens</span> <span class='ocrx_word' id='word_1_56' title='bbox 327 1108 388 1151; x_wconf 87' lang='lat' dir='ltr'>cibus</span> 
     </span>
     <span class='ocr_line' id='line_1_13' title="bbox 54 1178 388 1236; baseline 0 -15"><span class='ocrx_word' id='word_1_57' title='bbox 54 1180 166 1235; x_wconf 72' lang='lat' dir='ltr'>enutriret,</span> <span class='ocrx_word' id='word_1_58' title='bbox 180 1193 222 1221; x_wconf 86' lang='lat' dir='ltr'>nec</span> <span class='ocrx_word' id='word_1_59' title='bbox 232 1179 301 1222; x_wconf 84' lang='lat' dir='ltr'>laetior</span> <span class='ocrx_word' id='word_1_60' title='bbox 311 1178 388 1236; x_wconf 88' lang='lat' dir='ltr'>aliquis</span> 
     </span>
     <span class='ocr_line' id='line_1_14' title="bbox 52 1248 389 1292; baseline -0.003 0"><span class='ocrx_word' id='word_1_61' title='bbox 52 1248 267 1292; x_wconf 80' lang='lat' dir='ltr'>humorinfimderet.</span> <span class='ocrx_word' id='word_1_62' title='bbox 280 1248 389 1292; x_wconf 83' lang='lat' dir='ltr'>Observa-</span> 
     </span>
     <span class='ocr_line' id='line_1_15' title="bbox 52 1320 389 1375; baseline 0 -13"><span class='ocrx_word' id='word_1_63' title='bbox 52 1320 91 1362; x_wconf 88' lang='lat' dir='ltr'>bat</span> <span class='ocrx_word' id='word_1_64' title='bbox 106 1321 164 1362; x_wconf 87' lang='lat' dir='ltr'>enim</span> <span class='ocrx_word' id='word_1_65' title='bbox 179 1321 244 1362; x_wconf 87' lang='lat' dir='ltr'>ctiam</span> <span class='ocrx_word' id='word_1_66' title='bbox 258 1326 322 1375; x_wconf 75' lang='lat' dir='ltr'>tunc⁷</span> <span class='ocrx_word' id='word_1_67' title='bbox 339 1335 389 1362; x_wconf 90' lang='lat' dir='ltr'>cum</span> 
     </span>
     <span class='ocr_line' id='line_1_16' title="bbox 49 1391 389 1447; baseline -0.003 -15"><span class='ocrx_word' id='word_1_68' title='bbox 49 1391 96 1447; x_wconf 85' lang='lat' dir='ltr'>jam</span> <span class='ocrx_word' id='word_1_69' title='bbox 103 1391 279 1447; x_wconf 80' lang='lat' dir='ltr'>nonagenariam,</span> <span class='ocrx_word' id='word_1_70' title='bbox 290 1396 315 1432; x_wconf 89' lang='lat' dir='ltr'>ut</span> <span class='ocrx_word' id='word_1_71' title='bbox 323 1404 389 1446; x_wconf 87' lang='lat' dir='ltr'>supra</span> 
     </span>
     <span class='ocr_line' id='line_1_17' title="bbox 53 1460 390 1517; baseline 0 -15"><span class='ocrx_word' id='word_1_72' title='bbox 53 1460 156 1515; x_wconf 75' lang='lat' dir='ltr'>diximus,</span> <span class='ocrx_word' id='word_1_73' title='bbox 171 1466 247 1517; x_wconf 80' lang='lat' dir='ltr'>ageret</span> <span class='ocrx_word' id='word_1_74' title='bbox 257 1465 351 1515; x_wconf 78' lang='lat' dir='ltr'>aetatem,</span> <span class='ocrx_word' id='word_1_75' title='bbox 365 1466 390 1502; x_wconf 89' lang='lat' dir='ltr'>ut</span> 
     </span>
     <span class='ocr_line' id='line_1_18' title="bbox 52 1529 389 1587; baseline 0 -15"><span class='ocrx_word' id='word_1_76' title='bbox 52 1529 135 1572; x_wconf 88' lang='lat' dir='ltr'>nullum</span> <span class='ocrx_word' id='word_1_77' title='bbox 148 1544 188 1587; x_wconf 86' lang='lat' dir='ltr'>per</span> <span class='ocrx_word' id='word_1_78' title='bbox 201 1531 275 1586; x_wconf 81' lang='lat' dir='ltr'>ignem</span> <span class='ocrx_word' id='word_1_79' title='bbox 288 1536 389 1586; x_wconf 88' lang='lat' dir='ltr'>paratum</span> 
     </span>
     <span class='ocr_line' id='line_1_19' title="bbox 53 1599 389 1656; baseline 0.003 -15"><span class='ocrx_word' id='word_1_80' title='bbox 53 1605 148 1642; x_wconf 78' lang='lat' dir='ltr'>sumeret</span> <span class='ocrx_word' id='word_1_81' title='bbox 164 1599 243 1642; x_wconf 85' lang='lat' dir='ltr'>cibum.</span> <span class='ocrx_word' id='word_1_82' title='bbox 258 1600 327 1656; x_wconf 80' lang='lat' dir='ltr'>Igitur</span> <span class='ocrx_word' id='word_1_83' title='bbox 341 1606 389 1656; x_wconf 89' lang='lat' dir='ltr'>post</span> 
     </span>
     <span class='ocr_line' id='line_1_20' title="bbox 53 1669 388 1727; baseline 0.003 -16"><span class='ocrx_word' id='word_1_84' title='bbox 53 1669 201 1726; x_wconf 80' lang='lat' dir='ltr'>hospitalitatis</span> <span class='ocrx_word' id='word_1_85' title='bbox 214 1669 291 1724; x_wconf 77' lang='lat' dir='ltr'>officia,</span> <span class='ocrx_word' id='word_1_86' title='bbox 305 1685 388 1727; x_wconf 79' lang='lat' dir='ltr'>regres-</span> 
     </span>
     <span class='ocr_line' id='line_1_21' title="bbox 53 1739 390 1796; baseline 0.003 -15"><span class='ocrx_word' id='word_1_87' title='bbox 53 1754 89 1782; x_wconf 87' lang='lat' dir='ltr'>sus</span> <span class='ocrx_word' id='word_1_88' title='bbox 105 1739 212 1782; x_wconf 78' lang='lat' dir='ltr'>adsedere</span> <span class='ocrx_word' id='word_1_89' title='bbox 227 1754 265 1782; x_wconf 90' lang='lat' dir='ltr'>nos</span> <span class='ocrx_word' id='word_1_90' title='bbox 279 1739 352 1796; x_wconf 84' lang='lat' dir='ltr'>jubet,</span> <span class='ocrx_word' id='word_1_91' title='bbox 368 1746 390 1782; x_wconf 88' lang='lat' dir='ltr'>et</span> 
     </span>
     <span class='ocr_line' id='line_1_22' title="bbox 52 1809 389 1852; baseline -0.003 0"><span class='ocrx_word' id='word_1_92' title='bbox 52 1816 104 1852; x_wconf 89' lang='lat' dir='ltr'>tunc</span> <span class='ocrx_word' id='word_1_93' title='bbox 120 1809 208 1852; x_wconf 89' lang='lat' dir='ltr'>demum</span> <span class='ocrx_word' id='word_1_94' title='bbox 222 1809 280 1851; x_wconf 90' lang='lat' dir='ltr'>unde</span> <span class='ocrx_word' id='word_1_95' title='bbox 296 1809 331 1852; x_wconf 83' lang='lat' dir='ltr'>vel</span> <span class='ocrx_word' id='word_1_96' title='bbox 350 1824 389 1852; x_wconf 89' lang='lat' dir='ltr'>cur</span> 
     </span>
     <span class='ocr_line' id='line_1_23' title="bbox 53 1879 389 1936; baseline -0.003 -14"><span class='ocrx_word' id='word_1_97' title='bbox 53 1879 206 1922; x_wconf 85' lang='lat' dir='ltr'>advenerimus</span> <span class='ocrx_word' id='word_1_98' title='bbox 224 1880 320 1936; x_wconf 72' lang='lat' dir='ltr'>inquirit,</span> <span class='ocrx_word' id='word_1_99' title='bbox 339 1895 389 1922; x_wconf 87' lang='lat' dir='ltr'>cum</span> 
     </span>
     <span class='ocr_line' id='line_1_24' title="bbox 53 1949 389 2007; baseline 0 -15"><span class='ocrx_word' id='word_1_100' title='bbox 53 1964 91 1992; x_wconf 92' lang='lat' dir='ltr'>nos</span> <span class='ocrx_word' id='word_1_101' title='bbox 102 1950 150 2007; x_wconf 82' lang='lat' dir='ltr'>jam</span> <span class='ocrx_word' id='word_1_102' title='bbox 161 1949 221 1991; x_wconf 82' lang='lat' dir='ltr'>laetos</span> <span class='ocrx_word' id='word_1_103' title='bbox 235 1954 257 1990; x_wconf 91' lang='lat' dir='ltr'>et</span> <span class='ocrx_word' id='word_1_104' title='bbox 270 1951 327 1992; x_wconf 88' lang='lat' dir='ltr'>omni</span> <span class='ocrx_word' id='word_1_105' title='bbox 339 1964 389 1992; x_wconf 86' lang='lat' dir='ltr'>oum</span> 
     </span>
     <span class='ocr_line' id='line_1_25' title="bbox 53 2019 389 2076; baseline -0.003 -14"><span class='ocrx_word' id='word_1_106' title='bbox 53 2019 132 2076; x_wconf 79' lang='lat' dir='ltr'>gaudio</span> <span class='ocrx_word' id='word_1_107' title='bbox 148 2025 252 2076; x_wconf 85' lang='lat' dir='ltr'>tanquam</span> <span class='ocrx_word' id='word_1_108' title='bbox 265 2025 326 2061; x_wconf 89' lang='lat' dir='ltr'>natos</span> <span class='ocrx_word' id='word_1_109' title='bbox 341 2034 389 2076; x_wconf 90' lang='lat' dir='ltr'>pro-</span> 
     </span>
     <span class='ocr_line' id='line_1_26' title="bbox 53 2090 389 2147; baseline 0 -15"><span class='ocrx_word' id='word_1_110' title='bbox 53 2090 110 2146; x_wconf 89' lang='lat' dir='ltr'>prios</span> <span class='ocrx_word' id='word_1_111' title='bbox 129 2090 279 2146; x_wconf 85' lang='lat' dir='ltr'>suscepisset:</span> <span class='ocrx_word' id='word_1_112' title='bbox 295 2104 389 2147; x_wconf 87' lang='lat' dir='ltr'>cumque</span> 
     </span>
     <span class='ocr_line' id='line_1_27' title="bbox 53 2159 390 2217; baseline -0.003 -15"><span class='ocrx_word' id='word_1_113' title='bbox 53 2159 239 2217; x_wconf 85' lang='lat' dir='ltr'>respondissemus</span> <span class='ocrx_word' id='word_1_114' title='bbox 251 2159 309 2216; x_wconf 92' lang='lat' dir='ltr'>quod</span> <span class='ocrx_word' id='word_1_115' title='bbox 318 2159 345 2201; x_wconf 92' lang='lat' dir='ltr'>de</span> <span class='ocrx_word' id='word_1_116' title='bbox 353 2159 390 2202; x_wconf 81' lang='lat' dir='ltr'>Je-</span> 
     </span>
     <span class='ocr_line' id='line_1_28' title="bbox 53 2229 389 2287; baseline 0 -16"><span class='ocrx_word' id='word_1_117' title='bbox 53 2230 166 2287; x_wconf 82' lang='lat' dir='ltr'>rosolymis</span> <span class='ocrx_word' id='word_1_118' title='bbox 183 2229 212 2272; x_wconf 87' lang='lat' dir='ltr'>ad</span> <span class='ocrx_word' id='word_1_119' title='bbox 229 2245 279 2272; x_wconf 91' lang='lat' dir='ltr'>eum</span> <span class='ocrx_word' id='word_1_120' title='bbox 294 2230 389 2272; x_wconf 74' lang='lat' dir='ltr'>utilitatis</span> 
     </span>
     <span class='ocr_line' id='line_1_29' title="bbox 54 2300 389 2357; baseline 0 -16"><span class='ocrx_word' id='word_1_121' title='bbox 54 2305 75 2341; x_wconf 89' lang='lat' dir='ltr'>et</span> <span class='ocrx_word' id='word_1_122' title='bbox 91 2300 200 2357; x_wconf 84' lang='lat' dir='ltr'>profectus</span> <span class='ocrx_word' id='word_1_123' title='bbox 217 2300 295 2342; x_wconf 83' lang='lat' dir='ltr'>animae</span> <span class='ocrx_word' id='word_1_124' title='bbox 311 2305 389 2342; x_wconf 78' lang='lat' dir='ltr'>nostra</span> 
     </span>
     <span class='ocr_line' id='line_1_30' title="bbox 55 2371 389 2426; baseline 0.003 -15"><span class='ocrx_word' id='word_1_125' title='bbox 55 2384 120 2412; x_wconf 86' lang='lat' dir='ltr'>causa</span> <span class='ocrx_word' id='word_1_126' title='bbox 128 2371 258 2425; x_wconf 79' lang='lat' dir='ltr'>venerimus,</span> <span class='ocrx_word' id='word_1_127' title='bbox 270 2375 294 2412; x_wconf 89' lang='lat' dir='ltr'>ut</span> <span class='ocrx_word' id='word_1_128' title='bbox 304 2385 330 2412; x_wconf 89' lang='lat' dir='ltr'>ea</span> <span class='ocrx_word' id='word_1_129' title='bbox 341 2384 389 2426; x_wconf 79' lang='lat' dir='ltr'>quae</span> 
     </span>
     <span class='ocr_line' id='line_1_31' title="bbox 55 2439 389 2483; baseline -0.003 -2"><span class='ocrx_word' id='word_1_130' title='bbox 55 2439 105 2483; x_wconf 89' lang='lat' dir='ltr'>olim</span> <span class='ocrx_word' id='word_1_131' title='bbox 112 2439 142 2483; x_wconf 85' lang='lat' dir='ltr'>ad</span> <span class='ocrx_word' id='word_1_132' title='bbox 149 2439 247 2482; x_wconf 88' lang='lat' dir='ltr'>auditum</span> <span class='ocrx_word' id='word_1_133' title='bbox 255 2445 352 2481; x_wconf 88' lang='lat' dir='ltr'>nostrum</span> <span class='ocrx_word' id='word_1_134' title='bbox 359 2439 389 2480; x_wconf 83' lang='lat' dir='ltr'>fa-</span> 
     </span>
     <span class='ocr_line' id='line_1_32' title="bbox 54 2510 389 2566; baseline -0.003 -15"><span class='ocrx_word' id='word_1_135' title='bbox 54 2510 219 2566; x_wconf 77' lang='lat' dir='ltr'>mapertulerat,</span> <span class='ocrx_word' id='word_1_136' title='bbox 225 2511 267 2566; x_wconf 90' lang='lat' dir='ltr'>ipsi</span> <span class='ocrx_word' id='word_1_137' title='bbox 274 2524 332 2551; x_wconf 77' lang='lat' dir='ltr'>nrmc</span> <span class='ocrx_word' id='word_1_138' title='bbox 341 2523 389 2551; x_wconf 88' lang='lat' dir='ltr'>ocu-</span> 
     </span>
     <span class='ocr_line' id='line_1_33' title="bbox 54 2578 389 2639; baseline 0 -19"><span class='ocrx_word' id='word_1_139' title='bbox 54 2578 79 2621; x_wconf 91' lang='lat' dir='ltr'>lis</span> <span class='ocrx_word' id='word_1_140' title='bbox 86 2594 225 2639; x_wconf 87' lang='lat' dir='ltr'>cerneremus</span> <span class='ocrx_word' id='word_1_141' title='bbox 229 2578 341 2637; x_wconf 87' lang='lat' dir='ltr'>(quoniam</span> <span class='ocrx_word' id='word_1_142' title='bbox 345 2579 389 2635; x_wconf 89' lang='lat' dir='ltr'>qui-</span> 
     </span>
     <span class='ocr_line' id='line_1_34' title="bbox 55 2648 389 2695; baseline -0.003 -4"><span class='ocrx_word' id='word_1_143' title='bbox 55 2648 206 2695; x_wconf 86' lang='lat' dir='ltr'>demtenacius</span> <span class='ocrx_word' id='word_1_144' title='bbox 212 2648 389 2695; x_wconf 82' lang='lat' dir='ltr'>solentinhaerere</span> 
     </span>
    </p>
   </div>
   <div class='ocr_carea' id='block_1_3' title="bbox 421 410 809 2707">
    <p class='ocr_par' dir='ltr' id='par_1_3' title="bbox 421 410 760 608">
     <span class='ocr_line' id='line_1_35' title="bbox 421 410 760 468; baseline 0 -16"><span class='ocrx_word' id='word_1_145' title='bbox 421 412 481 468; x_wconf 88' lang='lat' dir='ltr'>prius</span> <span class='ocrx_word' id='word_1_146' title='bbox 490 410 581 453; x_wconf 86' lang='lat' dir='ltr'>multum</span> <span class='ocrx_word' id='word_1_147' title='bbox 589 411 729 464; x_wconf 79' lang='lat' dir='ltr'>exercuisset,</span> <span class='ocrx_word' id='word_1_148' title='bbox 739 416 760 452; x_wconf 86' lang='lat' dir='ltr'>et</span> 
     </span>
     <span class='ocr_line' id='line_1_36' title="bbox 421 480 759 539; baseline -0.006 -15"><span class='ocrx_word' id='word_1_149' title='bbox 421 480 759 539; x_wconf 68' lang='lat' dir='ltr'>nequepanemsumpsissetne-</span> 
     </span>
     <span class='ocr_line' id='line_1_37' title="bbox 422 550 760 608; baseline -0.006 -15"><span class='ocrx_word' id='word_1_150' title='bbox 422 565 464 608; x_wconf 87' lang='lat' dir='ltr'>que</span> <span class='ocrx_word' id='word_1_151' title='bbox 478 550 561 608; x_wconf 86' lang='lat' dir='ltr'>ahquid</span> <span class='ocrx_word' id='word_1_152' title='bbox 575 566 604 593; x_wconf 79' lang='lat' dir='ltr'>ex</span> <span class='ocrx_word' id='word_1_153' title='bbox 617 552 643 592; x_wconf 88' lang='lat' dir='ltr'>iis</span> <span class='ocrx_word' id='word_1_154' title='bbox 655 564 704 606; x_wconf 82' lang='lat' dir='ltr'>quae</span> <span class='ocrx_word' id='word_1_155' title='bbox 714 551 760 606; x_wconf 81' lang='lat' dir='ltr'>igni</span> 
     </span>
    </p>

    <p class='ocr_par' dir='ltr' id='par_1_4' title="bbox 422 610 809 2707">
     <span class='ocr_line' id='line_1_38' title="bbox 422 610 809 664; baseline -0.005 0"><span class='ocrx_word' id='word_1_156' title='bbox 422 621 509 664; x_wconf 86' lang='lat' dir='ltr'>admota</span> <span class='ocrx_word' id='word_1_157' title='bbox 529 622 620 664; x_wconf 87' lang='lat' dir='ltr'>veniunt</span> <span class='ocrx_word' id='word_1_158' title='bbox 643 622 666 662; x_wconf 91' lang='lat' dir='ltr'>in</span> <span class='ocrx_word' id='word_1_159' title='bbox 688 635 758 663; x_wconf 91' lang='lat' dir='ltr'>usum.</span> <span class='ocrx_word' id='word_1_160' title='bbox 807 610 809 612; x_wconf 61' lang='lat'>,</span> 
     </span>
     <span class='ocr_line' id='line_1_39' title="bbox 423 690 759 748; baseline -0.009 -14"><span class='ocrx_word' id='word_1_161' title='bbox 423 691 479 744; x_wconf 78' lang='lat' dir='ltr'>Cum</span> <span class='ocrx_word' id='word_1_162' title='bbox 491 692 538 748; x_wconf 89' lang='lat' dir='ltr'>ipse</span> <span class='ocrx_word' id='word_1_163' title='bbox 552 697 625 733; x_wconf 86' lang='lat' dir='ltr'>autem</span> <span class='ocrx_word' id='word_1_164' title='bbox 635 704 674 733; x_wconf 90' lang='lat' dir='ltr'>nos</span> <span class='ocrx_word' id='word_1_165' title='bbox 684 690 759 746; x_wconf 84' lang='lat' dir='ltr'>jussis-</span> 
     </span>
     <span class='ocr_line' id='line_1_40' title="bbox 423 760 759 817; baseline -0.006 -14"><span class='ocrx_word' id='word_1_166' title='bbox 423 766 456 803; x_wconf 88' lang='lat' dir='ltr'>set</span> <span class='ocrx_word' id='word_1_167' title='bbox 464 760 547 815; x_wconf 83' lang='lat' dir='ltr'>sedere,</span> <span class='ocrx_word' id='word_1_168' title='bbox 559 760 608 802; x_wconf 90' lang='lat' dir='ltr'>Deo</span> <span class='ocrx_word' id='word_1_169' title='bbox 620 761 703 817; x_wconf 78' lang='lat' dir='ltr'>egimus</span> <span class='ocrx_word' id='word_1_170' title='bbox 711 775 759 816; x_wconf 83' lang='lat' dir='ltr'>gra-</span> 
     </span>
     <span class='ocr_line' id='line_1_41' title="bbox 422 830 760 886; baseline 0 -15"><span class='ocrx_word' id='word_1_171' title='bbox 422 832 463 872; x_wconf 85' lang='lat' dir='ltr'>tias</span> <span class='ocrx_word' id='word_1_172' title='bbox 487 830 546 886; x_wconf 91' lang='lat' dir='ltr'>quod</span> <span class='ocrx_word' id='word_1_173' title='bbox 567 831 614 886; x_wconf 87' lang='lat' dir='ltr'>ejus</span> <span class='ocrx_word' id='word_1_174' title='bbox 637 831 760 872; x_wconf 79' lang='lat' dir='ltr'>frueremur</span> 
     </span>
     <span class='ocr_line' id='line_1_42' title="bbox 424 899 761 955; baseline 0 -15"><span class='ocrx_word' id='word_1_175' title='bbox 424 900 583 955; x_wconf 75' lang='lat' dir='ltr'>congressione.</span> <span class='ocrx_word' id='word_1_176' title='bbox 594 899 616 941; x_wconf 84' lang='lat' dir='ltr'>ls</span> <span class='ocrx_word' id='word_1_177' title='bbox 627 904 700 941; x_wconf 89' lang='lat' dir='ltr'>autem</span> <span class='ocrx_word' id='word_1_178' title='bbox 711 913 761 940; x_wconf 89' lang='lat' dir='ltr'>cum</span> 
     </span>
     <span class='ocr_line' id='line_1_43' title="bbox 423 967 761 1024; baseline 0 -14"><span class='ocrx_word' id='word_1_179' title='bbox 423 973 528 1024; x_wconf 85' lang='lat' dir='ltr'>tanquam</span> <span class='ocrx_word' id='word_1_180' title='bbox 542 967 631 1011; x_wconf 88' lang='lat' dir='ltr'>dilectos</span> <span class='ocrx_word' id='word_1_181' title='bbox 644 967 700 1010; x_wconf 87' lang='lat' dir='ltr'>filios</span> <span class='ocrx_word' id='word_1_182' title='bbox 711 983 761 1010; x_wconf 92' lang='lat' dir='ltr'>suos</span> 
     </span>
     <span class='ocr_line' id='line_1_44' title="bbox 423 1037 761 1094; baseline 0 -14"><span class='ocrx_word' id='word_1_183' title='bbox 423 1037 488 1094; x_wconf 84' lang='lat' dir='ltr'>longo</span> <span class='ocrx_word' id='word_1_184' title='bbox 496 1043 594 1094; x_wconf 85' lang='lat' dir='ltr'>tempore</span> <span class='ocrx_word' id='word_1_185' title='bbox 602 1039 729 1094; x_wconf 85' lang='lat' dir='ltr'>accepisset,</span> <span class='ocrx_word' id='word_1_186' title='bbox 734 1039 761 1080; x_wconf 85' lang='lat' dir='ltr'>ri-</span> 
     </span>
     <span class='ocr_line' id='line_1_45' title="bbox 426 1106 762 1150; baseline 0.003 -1"><span class='ocrx_word' id='word_1_187' title='bbox 426 1107 485 1150; x_wconf 88' lang='lat' dir='ltr'>denti</span> <span class='ocrx_word' id='word_1_188' title='bbox 494 1107 557 1150; x_wconf 81' lang='lat' dir='ltr'>vultu</span> <span class='ocrx_word' id='word_1_189' title='bbox 566 1107 614 1150; x_wconf 79' lang='lat' dir='ltr'>haec</span> <span class='ocrx_word' id='word_1_190' title='bbox 622 1108 685 1150; x_wconf 84' lang='lat' dir='ltr'>nobis</span> <span class='ocrx_word' id='word_1_191' title='bbox 694 1113 726 1150; x_wconf 89' lang='lat' dir='ltr'>est</span> <span class='ocrx_word' id='word_1_192' title='bbox 733 1106 762 1150; x_wconf 95' lang='lat' dir='ltr'>lo-</span> 
     </span>
     <span class='ocr_line' id='line_1_46' title="bbox 425 1177 762 1234; baseline 0 -14"><span class='ocrx_word' id='word_1_193' title='bbox 425 1184 487 1220; x_wconf 89' lang='lat' dir='ltr'>cutus</span> <span class='ocrx_word' id='word_1_194' title='bbox 499 1195 503 1220; x_wconf 96' lang='lat'><strong>:</strong></span> <span class='ocrx_word' id='word_1_195' title='bbox 514 1177 641 1234; x_wconf 78' lang='lat' dir='ltr'>Undenam,</span> <span class='ocrx_word' id='word_1_196' title='bbox 656 1177 726 1233; x_wconf 80' lang='lat' dir='ltr'>ofihi,</span> <span class='ocrx_word' id='word_1_197' title='bbox 741 1183 762 1220; x_wconf 92' lang='lat' dir='ltr'>et</span> 
     </span>
     <span class='ocr_line' id='line_1_47' title="bbox 425 1248 762 1306; baseline 0 -15"><span class='ocrx_word' id='word_1_198' title='bbox 425 1263 454 1291; x_wconf 83' lang='lat' dir='ltr'>ex</span> <span class='ocrx_word' id='word_1_199' title='bbox 469 1263 563 1305; x_wconf 91' lang='lat' dir='ltr'>quanam</span> <span class='ocrx_word' id='word_1_200' title='bbox 576 1250 665 1306; x_wconf 82' lang='lat' dir='ltr'>regione</span> <span class='ocrx_word' id='word_1_201' title='bbox 682 1248 711 1291; x_wconf 88' lang='lat' dir='ltr'>ad</span> <span class='ocrx_word' id='word_1_202' title='bbox 725 1248 762 1291; x_wconf 91' lang='lat' dir='ltr'>ho-</span> 
     </span>
     <span class='ocr_line' id='line_1_48' title="bbox 424 1318 763 1376; baseline -0.006 -14"><span class='ocrx_word' id='word_1_203' title='bbox 424 1320 506 1362; x_wconf 86' lang='lat' dir='ltr'>minem</span> <span class='ocrx_word' id='word_1_204' title='bbox 524 1320 636 1376; x_wconf 84' lang='lat' dir='ltr'>abjectum</span> <span class='ocrx_word' id='word_1_205' title='bbox 655 1325 676 1361; x_wconf 88' lang='lat' dir='ltr'>et</span> <span class='ocrx_word' id='word_1_206' title='bbox 694 1318 763 1361; x_wconf 87' lang='lat' dir='ltr'>humi-</span> 
     </span>
     <span class='ocr_line' id='line_1_49' title="bbox 424 1389 764 1445; baseline -0.006 -13"><span class='ocrx_word' id='word_1_207' title='bbox 424 1389 468 1432; x_wconf 89' lang='lat' dir='ltr'>lem</span> <span class='ocrx_word' id='word_1_208' title='bbox 487 1389 622 1432; x_wconf 81' lang='lat' dir='ltr'>accessistis?</span> <span class='ocrx_word' id='word_1_209' title='bbox 644 1389 764 1445; x_wconf 89' lang='lat' dir='ltr'>Postquam</span> 
     </span>
     <span class='ocr_line' id='line_1_50' title="bbox 425 1459 764 1516; baseline -0.003 -14"><span class='ocrx_word' id='word_1_210' title='bbox 425 1465 499 1502; x_wconf 89' lang='lat' dir='ltr'>autem</span> <span class='ocrx_word' id='word_1_211' title='bbox 513 1459 608 1502; x_wconf 80' lang='lat' dir='ltr'>diximus</span> <span class='ocrx_word' id='word_1_212' title='bbox 624 1461 728 1516; x_wconf 74' lang='lat' dir='ltr'>pan-iam,</span> <span class='ocrx_word' id='word_1_213' title='bbox 743 1465 764 1502; x_wconf 89' lang='lat' dir='ltr'>et</span> 
     </span>
     <span class='ocr_line' id='line_1_51' title="bbox 425 1529 763 1587; baseline -0.003 -15"><span class='ocrx_word' id='word_1_214' title='bbox 425 1529 607 1587; x_wconf 76' lang='lat' dir='ltr'>adjecimus1Pro</span> <span class='ocrx_word' id='word_1_215' title='bbox 618 1529 709 1572; x_wconf 86' lang='lat' dir='ltr'>utilitate</span> <span class='ocrx_word' id='word_1_216' title='bbox 720 1531 763 1572; x_wconf 90' lang='lat' dir='ltr'>ani·</span> 
     </span>
     <span class='ocr_line' id='line_1_52' title="bbox 424 1599 764 1642; baseline -0.003 0"><span class='ocrx_word' id='word_1_217' title='bbox 424 1615 510 1642; x_wconf 82' lang='lat' dir='ltr'>marum</span> <span class='ocrx_word' id='word_1_218' title='bbox 520 1605 645 1642; x_wconf 88' lang='lat' dir='ltr'>nostrarum</span> <span class='ocrx_word' id='word_1_219' title='bbox 656 1599 685 1641; x_wconf 91' lang='lat' dir='ltr'>ad</span> <span class='ocrx_word' id='word_1_220' title='bbox 695 1605 717 1642; x_wconf 90' lang='lat' dir='ltr'>te</span> <span class='ocrx_word' id='word_1_221' title='bbox 727 1615 764 1642; x_wconf 85' lang='lat' dir='ltr'>ve·</span> 
     </span>
     <span class='ocr_line' id='line_1_53' title="bbox 424 1669 763 1726; baseline -0.003 -14"><span class='ocrx_word' id='word_1_222' title='bbox 424 1671 495 1712; x_wconf 91' lang='lat' dir='ltr'>nimus</span> <span class='ocrx_word' id='word_1_223' title='bbox 502 1669 529 1712; x_wconf 89' lang='lat' dir='ltr'>alo</span> <span class='ocrx_word' id='word_1_224' title='bbox 535 1669 666 1725; x_wconf 75' lang='lat' dir='ltr'>Jerusalem7</span> <span class='ocrx_word' id='word_1_225' title='bbox 672 1675 697 1712; x_wconf 90' lang='lat' dir='ltr'>ut</span> <span class='ocrx_word' id='word_1_226' title='bbox 705 1669 763 1726; x_wconf 89' lang='lat' dir='ltr'>quod</span> 
     </span>
     <span class='ocr_line' id='line_1_54' title="bbox 424 1739 763 1796; baseline -0.003 -14"><span class='ocrx_word' id='word_1_227' title='bbox 424 1739 534 1782; x_wconf 85' lang='lat' dir='ltr'>auditione</span> <span class='ocrx_word' id='word_1_228' title='bbox 556 1754 718 1796; x_wconf 68' lang='lat' dir='ltr'>acceperamus</span> <span class='ocrx_word' id='word_1_229' title='bbox 739 1739 763 1782; x_wconf 90' lang='lat' dir='ltr'>id</span> 
     </span>
     <span class='ocr_line' id='line_1_55' title="bbox 425 1810 763 1865; baseline 0 -13"><span class='ocrx_word' id='word_1_230' title='bbox 425 1824 563 1852; x_wconf 86' lang='lat' dir='ltr'>cerneremus</span> <span class='ocrx_word' id='word_1_231' title='bbox 570 1810 763 1865; x_wconf 77' lang='lat' dir='ltr'>oculis3suntenim</span> 
     </span>
     <span class='ocr_line' id='line_1_56' title="bbox 424 1879 762 1934; baseline 0.003 -13"><span class='ocrx_word' id='word_1_232' title='bbox 424 1894 489 1922; x_wconf 87' lang='lat' dir='ltr'>aures</span> <span class='ocrx_word' id='word_1_233' title='bbox 504 1880 576 1922; x_wconf 88' lang='lat' dir='ltr'>minus</span> <span class='ocrx_word' id='word_1_234' title='bbox 591 1879 668 1922; x_wconf 86' lang='lat' dir='ltr'>fideles</span> <span class='ocrx_word' id='word_1_235' title='bbox 685 1879 762 1934; x_wconf 77' lang='lat' dir='ltr'>oeulis3</span> 
     </span>
     <span class='ocr_line' id='line_1_57' title="bbox 426 1948 762 2006; baseline 0.003 -15"><span class='ocrx_word' id='word_1_236' title='bbox 426 1956 447 1992; x_wconf 88' lang='lat' dir='ltr'>et</span> <span class='ocrx_word' id='word_1_237' title='bbox 462 1948 594 1992; x_wconf 88' lang='lat' dir='ltr'>auditionem</span> <span class='ocrx_word' id='word_1_238' title='bbox 612 1950 674 2006; x_wconf 72' lang='lat' dir='ltr'>saepev</span> <span class='ocrx_word' id='word_1_239' title='bbox 689 1964 762 1992; x_wconf 90' lang='lat' dir='ltr'>conse-</span> 
     </span>
     <span class='ocr_line' id='line_1_58' title="bbox 426 2019 763 2076; baseline 0.003 -15"><span class='ocrx_word' id='word_1_240' title='bbox 426 2020 498 2076; x_wconf 89' lang='lat' dir='ltr'>quitur</span> <span class='ocrx_word' id='word_1_241' title='bbox 509 2019 595 2075; x_wconf 71' lang='lat' dir='ltr'>ololivio7</span> <span class='ocrx_word' id='word_1_242' title='bbox 606 2020 639 2062; x_wconf 89' lang='lat' dir='ltr'>rei</span> <span class='ocrx_word' id='word_1_243' title='bbox 650 2026 723 2062; x_wconf 89' lang='lat' dir='ltr'>autem</span> <span class='ocrx_word' id='word_1_244' title='bbox 732 2021 763 2062; x_wconf 79' lang='lat' dir='ltr'>vi-</span> 
     </span>
     <span class='ocr_line' id='line_1_59' title="bbox 425 2088 763 2145; baseline 0 -13"><span class='ocrx_word' id='word_1_245' title='bbox 425 2104 455 2132; x_wconf 87' lang='lat' dir='ltr'>sae</span> <span class='ocrx_word' id='word_1_246' title='bbox 463 2104 507 2132; x_wconf 91' lang='lat' dir='ltr'>non</span> <span class='ocrx_word' id='word_1_247' title='bbox 516 2088 600 2132; x_wconf 87' lang='lat' dir='ltr'>deletur</span> <span class='ocrx_word' id='word_1_248' title='bbox 605 2091 716 2145; x_wconf 79' lang='lat' dir='ltr'>memoria,</span> <span class='ocrx_word' id='word_1_249' title='bbox 723 2089 763 2132; x_wconf 89' lang='lat' dir='ltr'>sed</span> 
     </span>
     <span class='ocr_line' id='line_1_60' title="bbox 425 2151 763 2216; baseline 0 -14"><span class='ocrx_word' id='word_1_250' title='bbox 425 2161 493 2202; x_wconf 86' lang='lat' dir='ltr'>menti</span> <span class='ocrx_word' id='word_1_251' title='bbox 511 2151 671 2216; x_wconf 89' lang='lat' dir='ltr'>quodammodo</span> <span class='ocrx_word' id='word_1_252' title='bbox 691 2161 763 2216; x_wconf 85' lang='lat' dir='ltr'>impri-</span> 
     </span>
     <span class='ocr_line' id='line_1_61' title="bbox 425 2230 762 2287; baseline -0.003 -15"><span class='ocrx_word' id='word_1_253' title='bbox 425 2231 491 2272; x_wconf 87' lang='lat' dir='ltr'>mitur</span> <span class='ocrx_word' id='word_1_254' title='bbox 503 2230 596 2273; x_wconf 85' lang='lat' dir='ltr'>historia.</span> <span class='ocrx_word' id='word_1_255' title='bbox 612 2230 650 2272; x_wconf 85' lang='lat' dir='ltr'>Ad</span> <span class='ocrx_word' id='word_1_256' title='bbox 660 2244 699 2272; x_wconf 91' lang='lat' dir='ltr'>nos</span> <span class='ocrx_word' id='word_1_257' title='bbox 711 2245 762 2287; x_wconf 81' lang='lat' dir='ltr'>ergo</span> 
     </span>
     <span class='ocr_line' id='line_1_62' title="bbox 426 2298 763 2356; baseline 0 -15"><span class='ocrx_word' id='word_1_258' title='bbox 426 2298 763 2356; x_wconf 78' lang='lat' dir='ltr'>dixitbeatusJoenneszthuid</span> 
     </span>
     <span class='ocr_line' id='line_1_63' title="bbox 425 2369 763 2425; baseline 0.003 -14"><span class='ocrx_word' id='word_1_259' title='bbox 425 2369 549 2412; x_wconf 87' lang='lat' dir='ltr'>mirandum</span> <span class='ocrx_word' id='word_1_260' title='bbox 559 2370 633 2425; x_wconf 79' lang='lat' dir='ltr'>visuri,</span> <span class='ocrx_word' id='word_1_261' title='bbox 647 2384 658 2411; x_wconf 93' lang='lat' dir='ltr'>o</span> <span class='ocrx_word' id='word_1_262' title='bbox 667 2369 705 2412; x_wconf 79' lang='lat' dir='ltr'>lilii</span> <span class='ocrx_word' id='word_1_263' title='bbox 714 2369 763 2412; x_wconf 88' lang='lat' dir='ltr'>cha-</span> 
     </span>
     <span class='ocr_line' id='line_1_64' title="bbox 425 2439 763 2496; baseline 0.006 -15"><span class='ocrx_word' id='word_1_264' title='bbox 425 2441 510 2495; x_wconf 79' lang='lat' dir='ltr'>rissimi,</span> <span class='ocrx_word' id='word_1_265' title='bbox 521 2445 606 2496; x_wconf 86' lang='lat' dir='ltr'>tantum</span> <span class='ocrx_word' id='word_1_266' title='bbox 614 2440 696 2482; x_wconf 88' lang='lat' dir='ltr'>itineris</span> <span class='ocrx_word' id='word_1_267' title='bbox 706 2439 763 2483; x_wconf 84' lang='lat' dir='ltr'>etla-</span> 
     </span>
     <span class='ocr_line' id='line_1_65' title="bbox 425 2504 763 2566; baseline 0.006 -15"><span class='ocrx_word' id='word_1_268' title='bbox 425 2508 484 2551; x_wconf 90' lang='lat' dir='ltr'>boris</span> <span class='ocrx_word' id='word_1_269' title='bbox 491 2509 606 2552; x_wconf 84' lang='lat' dir='ltr'>tolerantes</span> <span class='ocrx_word' id='word_1_270' title='bbox 614 2509 658 2552; x_wconf 87' lang='lat' dir='ltr'>huc</span> <span class='ocrx_word' id='word_1_271' title='bbox 666 2504 763 2566; x_wconf 73' lang='lat' dir='ltr'>venistis,</span> 
     </span>
     <span class='ocr_line' id='line_1_66' title="bbox 426 2578 764 2636; baseline 0.009 -16"><span class='ocrx_word' id='word_1_272' title='bbox 426 2578 523 2621; x_wconf 90' lang='lat' dir='ltr'>homines</span> <span class='ocrx_word' id='word_1_273' title='bbox 534 2578 632 2636; x_wconf 81' lang='lat' dir='ltr'>abjectos</span> <span class='ocrx_word' id='word_1_274' title='bbox 643 2585 664 2622; x_wconf 86' lang='lat' dir='ltr'>et</span> <span class='ocrx_word' id='word_1_275' title='bbox 671 2580 764 2623; x_wconf 86' lang='lat' dir='ltr'>humiles</span> 
     </span>
     <span class='ocr_line' id='line_1_67' title="bbox 426 2640 763 2707; baseline 0.006 -17"><span class='ocrx_word' id='word_1_276' title='bbox 426 2647 502 2690; x_wconf 84' lang='lat' dir='ltr'>videre</span> <span class='ocrx_word' id='word_1_277' title='bbox 519 2640 641 2706; x_wconf 78' lang='lat' dir='ltr'>cupientes7</span> <span class='ocrx_word' id='word_1_278' title='bbox 658 2651 695 2707; x_wconf 87' lang='lat' dir='ltr'>qui</span> <span class='ocrx_word' id='word_1_279' title='bbox 711 2649 763 2692; x_wconf 88' lang='lat' dir='ltr'>nihil</span> 
     </span>
    </p>
   </div>
   <div class='ocr_carea' id='block_1_4' title="bbox 0 0 918 3169">
    <p class='ocr_par' dir='ltr' id='par_1_5' title="bbox 0 0 918 3169">
     <span class='ocr_line' id='line_1_68' title="bbox 0 0 918 3169; baseline 0 0"><span class='ocrx_word' id='word_1_280' title='bbox 0 0 918 3169; x_wconf 95' lang='lat' dir='ltr'> </span> 
     </span>
    </p>
   </div>
  </div>
 </body>
</html>
