1818 3169
147 271 177 314 40
266 280 269 284 “
403 282 491 309 nisronn
500 281 597 309 nausiam.

149 378 167 419 si
177 376 244 419 iidem
252 376 348 419 Palladio
357 377 483 419 adhibueris
488 411 494 432 ,
509 376 559 418 huie
568 375 668 418 Melaniae
675 377 706 417 ita
712 375 855 431 interroganti

149 448 180 489 sic
193 446 345 489 Alexandrarn
358 446 496 503 respondisse
510 461 567 489 anno
584 447 670 488 circiter
682 451 731 502 post
745 444 855 488 Christum

148 523 224 559 natum
235 515 285 571 392,
295 513 425 572 persuasuri
435 516 535 572 habebiS,
547 531 589 574 quo
600 530 657 558 anno
668 515 764 557 Melania
771 515 855 571 AEgyp·

149 593 195 628 tum
207 586 358 641 peragraverit
368 585 555 642 moribundusque
567 585 633 627 fuerit
644 584 777 627 Athanasius
788 583 856 626 archi—

149 656 264 711 episcopus
280 669 306 696 ac
319 654 450 711 patriarcha.
469 653 538 711 Atqui
552 654 594 697 hoc
610 655 699 711 quidem
713 660 812 711 tempore
828 653 856 696 (le

135 739 137 742 ⁴
149 724 282 781 rnartpuihus
290 725 425 766 narrationes
436 739 463 766 ac
473 723 612 780 apocryphas
620 723 706 766 fabulas
712 725 760 780 jam
768 724 856 781 aegyptii

149 796 282 850 scripserant
297 800 407 849 auctores,
423 793 522 836 nondum
534 808 587 836 vero
598 793 689 836 Patruin
702 809 728 836 ae
741 793 857 836 monacho-

148 879 198 906 rum
213 866 378 920 praesertimque
396 864 589 906 alexandrinorum
603 863 781 905 Patriareharum
794 865 857 918 vitas,

149 935 191 976 nisi
204 933 260 976 forte
274 934 358 989 excipis
368 933 459 975 Petrum
469 932 668 989 archiepiscopum,
679 939 801 989 martyrum
811 932 858 975 ulti-

149 1005 226 1045 11111111.1
237 1003 264 1045 ln
273 1004 372 1059 sequenti
381 1004 451 1059 eapite
459 1009 542 1058 auctor,
553 1018 595 1045 «ex
603 999 716 1058 scriptura,
724 1003 800 1058 inquit,
810 1017 858 1044 esse

151 1078 214 1115 entra
225 1073 395 1115 controversiam
408 1072 486 1114 fraude
501 1071 612 1114 diabolum
625 1076 647 1113 et
659 1076 768 1127 praetextu
779 1072 858 1113 amoris

150 1144 173 1183 in
187 1147 290 1197 cognatos
304 1142 392 1183 efficere
406 1147 434 1183 ut.
443 1147 546 1183 nascatur
556 1141 673 1196 avaritia»,
685 1133 859 1197 sententiamque

151 1226 213 1253 suam
226 1212 258 1253 sic
272 1211 387 1253 confirmat
400 1228 405 1253 :
420 1230 429 1248 ‹<
435 1210 480 1253 Sed
493 1210 533 1253 tihi
546 1210 647 1252 videatur
660 1209 770 1252 nonnullis
784 1224 859 1252 cruam
873 1240 879 1246 -

152 1286 294 1336 cognatorum
307 1282 415 1336 inserere,
429 1295 473 1323 non
486 1280 528 1323 hoc
541 1280 594 1322 facit
608 1279 667 1337 quod
680 1279 721 1321 illis
732 1278 789 1322 bene
800 1279 859 1335 velit,

152 1350 192 1394 sed
199 1356 224 1393 ut
235 1365 310 1393 eorum
322 1351 358 1407 qui
369 1351 389 1393 ei
399 1357 478 1407 parent
486 1352 582 1393 animam
589 1356 666 1407 aperte
677 1356 780 1393 exerceat
790 1349 819 1392 ad
829 1351 859 1392 in-

147 1421 255 1478 justitiam
269 1435 320 1462 cum
332 1421 379 1476 ipse
393 1421 447 1462 sciat
460 1426 528 1463 totam
540 1421 671 1463 sententiam
686 1435 734 1476 quae
746 1419 798 1462 dicit
809 1435 814 1461 :
825 1420 859 1462 In·

148 1491 202 1547 justi
214 1504 308 1546 regnum
318 1489 588 1546 1)111111111111111111111111,2
601 1490 676 1532 Potest
689 1495 764 1532 autem
775 1489 859 1546 aliquis,

152 1566 174 1603 et
184 1559 274 1616 spiritali
284 1565 355 1602 motus
366 1559 517 1616 intelligentia,
532 1566 554 1602 et
568 1559 641 1602 diuino
656 1558 774 1615 desiderio,
788 1574 860 1616 neque

152 1644 214 1671 suam
221 1628 333 1687 negligere
342 1630 443 1685 animam,
455 1635 477 1672 et
488 1630 584 1687 cognatis
593 1644 657 1687 opem
665 1629 730 1686 ferre,
741 1630 759 1672 si
768 1629 822 1687 quid
829 1630 860 1673 eis

153 1700 252 1743 defuerit.
271 1700 365 1754 Quando
380 1707 453 1744 autern
467 1701 514 1757 quis
525 1702 555 1743 ita
564 1706 632 1743 totam
643 1716 706 1743 suam
715 1702 806 1743 instituit
817 1702 860 1743 ani-

152 1786 221 1826 mam,
232 1776 257 1814 ut
267 1786 294 1814 ea
305 1770 438 1829 despiciatur
449 1777 471 1815 et
481 1770 586 1814 obruatur
596 1786 636 1829 pro
648 1787 701 1814 cura
712 1777 860 1828 cognatorum,

152 1844 170 1884 is
180 1841 256 1884 incidit
265 1843 288 1885 in
298 1842 376 1899 legem,
387 1849 412 1885 ut
422 1844 459 1900 qui
470 1857 532 1885 suam
542 1857 581 1900 pro
592 1857 651 1885 vano
660 1843 751 1885 aestimet
758 1843 860 1885 animam.

153 1912 218 1956 Oanit
228 1918 302 1956 autem
309 1909 385 1955 David
396 1928 482 1971 quoque
494 1928 556 1956 sacer
564 1913 745 1970 psalmographus
755 1913 782 1956 de
790 1914 816 1955 iis
824 1914 861 1969 qui

153 1984 231 2025 animae
243 1998 319 2025 curam
329 1990 417 2040 gerant,
428 1985 451 2026 111
464 1985 541 2026 timore
550 1983 594 2026 Dei
606 1983 695 2026 dicens:
707 1983 775 2036 «Quis
787 1998 861 2026 aseen-

155 2053 192 2096 det
202 2055 225 2096 in
234 2061 330 2096 montem
340 2053 441 2096 Domini!
455 2068 495 2110 pro
510 2068 535 2096 eo
550 2053 608 2110 quod
619 2059 661 2109 est,
672 2068 741 2096 rarus.
756 2053 803 2107 Aut
813 2054 861 2110 quis

112 2167 114 2170 Α
155 2123 221 2166 stabit
234 2125 257 2166 in
269 2123 317 2166 loco
332 2129 407 2166 sancto
423 2123 487 2181 ejus?
504 2123 613 2166 innocens
628 2123 729 2166 manibus
744 2130 766 2166 et
778 2123 861 2166 mundo

156 2194 221 2237 corde
236 2195 329 2251 quinon
344 2195 430 2251 aceepit
442 2196 465 2236 in
478 2209 536 2236 vano
550 2196 646 2237 animam
660 2196 740 2237 suam.3
754 2194 788 2237 illi
805 2196 862 2237 enim

155 2266 250 2308 animam
261 2280 323 2307 suam
333 2266 357 2307 in
369 2279 426 2307 vano
442 2266 560 2322 accipiunt,
575 2266 612 2322 qui
626 2266 751 2308 existimant
762 2280 810 2308 eam
821 2264 862 2308 dis-

156 2335 210 2378 11111
217 2351 262 2378 una
273 2350 324 2377 curn
334 2335 376 2377 hac
388 2335 515 2391 caruncula,
530 2337 567 2392 qui
577 2336 668 2379 virtutes
679 2335 785 2393 spiritales
796 2335 863 2392 negli-

156 2407 243 2462 gunt.»⁴
250 2406 292 2448 Hae
301 2407 412 2448 sententiae
422 2405 527 2462 flaccidae,
539 2406 568 2449 ad
578 2421 626 2449 rem
636 2422 681 2449 non
691 2408 824 2464 pertinentes
836 2421 862 2449 ac

188 2513 203 2545 1.
216 2512 285 2545 Forsan
294 2511 361 2556 aliquis
369 2512 404 2545 hoc
412 2512 435 2545 de
443 2513 551 2556 patriarchis
560 2515 627 2546 veteris
636 2514 750 2547 Testamenti
758 2513 863 2557 intelligere

156 2573 222 2615 posset,
232 2570 263 2604 sed
272 2580 334 2604 eorum
343 2572 390 2603 vitas
399 2572 461 2605 nescio
471 2582 493 2604 ac
502 2582 524 2605 ex
534 2575 621 2605 contextu
630 2572 653 2605 dc
662 2572 803 2616 archiepiscopis
812 2571 864 2615 loqui

156 2630 229 2663 ridetur
237 2633 306 2663 auctor
317 2648 339 2653 —
348 2630 365 2662 ’2.
373 2629 383 2661 Ι
394 2629 497 2664 (1111171.-
505 2631 521 2664 3.
529 2630 595 2664 Paion.
604 2630 671 2664 XVIII,
678 2650 698 2654 —
704 2632 720 2664 4.
727 2631 774 2664 Har.
782 2630 862 2664 lazesVI.
