1818 3169
157 285 188 328 44
412 297 500 325 msronn
509 297 605 325 11161161.

158 408 187 435 ex
197 392 230 434 his
241 393 352 435 monachis
363 394 400 449 qui
413 394 517 435 notissimi
530 398 605 449 postea
619 398 735 436 evaserimt
746 392 818 434 adhuc
832 393 862 434 vi-

157 469 233 506 rentes
251 477 323 519 neque
338 464 436 518 notitiam
450 477 523 520 neque
537 463 619 506 famam
635 470 682 506 tum
700 469 762 506 erant
781 461 861 520 adepti.

159 532 233 586 Quum
247 534 305 575 enim
317 532 429 575 Palladius
441 534 498 575 intra
511 548 579 576 annos
593 532 636 576 388
651 540 672 577 61
686 533 728 576 397
739 534 864 591 AEgyptum
897 531 898 534 ¹

159 605 291 660 superiorem
297 609 431 660 peragraret7
440 603 551 647 Sinuthius
558 606 721 661 sexagesimum
726 620 808 647 annum
814 619 863 661 age-

157 674 205 728 bat3
219 673 349 716 Pachomius
363 688 416 716 vero
427 674 474 731 jam
487 675 576 731 triginta
585 676 648 717 annis
659 681 724 718 antea
733 676 864 717 1111611666-

145 735 147 739 ¹
158 750 221 786 serat.
230 744 296 787 Parvi
303 745 370 800 igitm·
374 745 478 787 momenti
483 751 534 787 sunt
539 744 587 787 haec
593 746 689 802 quinque
694 744 786 787 Palladii
793 746 865 801 capita

158 814 187 857 ad
194 814 351 858 monachorum
358 814 452 872 AEgypti
462 816 578 871 superioris
590 814 736 858 enarrandam
746 815 863 871 historiam,

158 891 180 928 61
189 885 236 927 fere
247 886 319 928 omnia
329 886 351 927 in
361 885 394 927 his
407 885 513 943 capitibus
525 900 554 927 ex
564 884 667 942 operibus
676 886 765 942 copticis
773 886 865 943 sumpsit

158 954 276 998 Paliadius.
287 955 365 1012 Longe
374 971 427 998 vero
438 955 500 998 aliter
511 955 672 1012 dicendum-est
683 955 710 997 de
722 956 812 998 caeteris.

188 1025 233 1069 Sed
239 1041 268 1068 ex
273 1026 338 1083 hujus
344 1026 447 1068 secundae
454 1027 522 1083 partis
530 1025 611 1082 verbis⁷
619 1025 742 1069 Palladium
749 1027 791 1069 iter
799 1025 866 1083 quod-

160 1096 211 1139 dam
219 1112 248 1139 ex
256 1097 355 1154 AEgypto
367 1098 477 1153 superiore
486 1096 515 1139 ad
522 1097 603 1140 Nitrios
611 1103 695 1140 montes
705 1097 831 1140 describere
839 1112 865 1140 ac

158 1181 198 1224 per
212 1168 253 1209 iter
265 1168 314 1210 visa
327 1182 417 1210 narrare
429 1172 496 1224 patet.
510 1167 565 1209 Pars
576 1173 651 1210 autern
661 1181 710 1224 quae
719 1168 760 1210 iter
771 1183 784 1210 a
794 1168 865 1225 Lyco-

158 1237 202 1294 poii
215 1238 321 1294 incipiens
336 1238 427 1294 exponit
441 1237 508 1280 multo
521 1237 609 1294 majoris
622 1239 687 1294 pretii
701 1244 733 1280 cst
749 1252 815 1295 quam
829 1237 867 1280 illa

160 1322 208 1365 quae
222 1309 263 1350 iter
276 1323 290 1350 a
303 1306 376 1365 Syene
390 1307 419 1350 ad
429 1308 559 1365 Lycopoiinr
569 1323 659 1351 narrare
669 1314 763 1365 putatur.
778 1308 865 1350 Idcirco

160 1377 188 1420 de
198 1377 234 1420 illa
246 1377 315 1420 fusius
331 1384 352 1420 61
366 1378 493 1434 exquisitius
505 1376 656 1420 disserendum
666 1377 719 1420 rnihi
730 1377 819 1420 videtin·
829 1393 865 1420 ne-

160 1462 202 1504 que
214 1447 288 1489 dubito
300 1448 353 1504 quin
361 1449 534 1504 operaepretium
545 1448 571 1490 sit
581 1447 640 1490 111111
651 1462 701 1490 cunr
708 1448 783 1490 Rufini
793 1463 866 1490 narra-

159 1518 222 1560 tionis
232 1523 294 1574 parte
307 1518 434 1573 congruenti
446 1532 579 1573 comparare.

188 1588 220 1630 Ut
229 1602 282 1630 roro
293 1587 341 1629 haec
353 1589 484 1643 comparatio
496 1588 576 1644 optime
581 1588 715 1643 instituatur,
726 1588 815 1644 quinam
823 1589 866 1630 sint

159 1658 260 1700 monachi
270 1657 306 1700 vel
317 1659 413 1700 cremitae
423 1673 436 1700 a
446 1657 526 1700 Rufino
536 1658 573 1700 vei
583 1657 680 1700 Palladio
695 1658 779 1714 quasin
791 1664 812 1701 et
823 1673 865 1715 quo

159 1728 234 1771 ordine
248 1728 294 1770 iilos
309 1729 425 1771 inviserint
437 1729 548 1785 inquirere
559 1734 580 1771 et
591 1744 620 1771 ex
631 1727 738 1771 dictorum
752 1728 866 1772 collatione

158 1799 266 1841 illustrare
279 1814 370 1841 necesse
383 1798 436 1840 mihi
449 1797 536 1841 videtur
549 1799 592 1841 utri
608 1799 635 1840 sit
650 1799 726 1855 potius
737 1798 793 1841 fides
807 1798 867 1841 adhi-

158 1868 238 1924 benda,
247 1869 327 1911 Rufino
336 1884 364 1911 an
370 1867 475 1923 Palladio,
484 1868 614 1925 presbytero
620 1884 649 1911 an
655 1870 762 1925 episcopo.
768 1868 867 1925 Uterque

160 1938 249 1996 quidem
259 1945 334 1981 auctor
345 1954 374 1981 ex
384 1937 439 1980 urbe
449 1937 557 1994 Lycopoli
568 1944 589 1980 61
599 1938 614 1981 J
615 1937 700 1980 ohanne
708 1937 867 1995 Lycopolitano

159 2009 288 2050 narrationis
305 2007 420 2050 exordium
435 2007 518 2049 faciunt
532 2007 681 2064 paulatimque
696 2006 726 2050 ad
742 2008 866 2065 AEgyptum

159 2078 284 2120 inferiorem
295 2076 454 2137 descendentes
464 2077 558 2119 Nitriam
568 2083 672 2120 remeant.

189 2147 224 2190 Ac
237 2148 344 2204 principio
358 2146 447 2204 quidem
461 2147 567 2189 Rufinus:
579 2147 689 2189 «Primum
701 2148 776 2204 igitm,
790 2148 866 2204 inquit,

160 2225 265 2274 tanquam
277 2232 331 2260 vere
346 2217 513 2259 fmidamentimr
528 2217 596 2259 nostri
611 2218 682 2273 operis
697 2216 727 2260 ad
742 2217 868 2274 exemplum

160 2288 268 2330 bonorum
282 2288 378 2330 omnium
391 2302 502 2329 sumamus
513 2286 528 2330 J
530 2302 622 2329 oannem
633 2303 637 2329 ;
648 2322 711 2330 .....
722 2287 790 2330 Hunc
803 2289 868 2330 etiam

160 2356 408 2399 vidimusinTheba'r'dis
414 2356 519 2413 partibus
525 2357 548 2399 in
554 2372 626 2400 eremo
635 2372 683 2414 quae
691 2356 779 2414 adjacet
787 2358 869 2400 civitati

143 2470 146 2473 ,
161 2426 516 2484 116111116661161111111611116
527 2426 590 2469 ardui
601 2433 793 2470 commanentem.»
801 2429 805 2455 ¹
816 2427 869 2470 Post

161 2497 220 2539 hunc
225 2496 240 2539 J
241 2496 350 2539 ohannem
358 2498 395 2553 qui
403 2496 534 2539 adeuntibus
542 2512 582 2554 per
590 2498 708 2540 fenestram
716 2512 739 2540 se
747 2496 868 2540 videndum

187 2651 202 2684 1.
214 2649 260 2682 Har.
270 2648 370 2692 6161166111,
383 2648 417 2683 166.
428 2651 463 2691 cit,
477 2649 511 2683 col.
521 2651 560 2683 391.
