1818 3169
191 304 220 347 20
446 315 641 343 rismum-musnet.

193 426 235 470 quo
246 413 309 455 nemo
320 409 411 455 nobilior
422 409 462 455 fuit
476 416 497 455 et
508 412 545 470 qui
555 409 711 456 monachorum
721 409 827 453 immerito
837 414 899 468 pater

192 484 294 537 habetur,
311 483 421 525 hominum
437 498 463 524 ac
476 484 632 526 monachorum
647 473 791 539 frequentiam
806 475 898 538 fugiens7

192 567 259 608 prope
273 567 333 593 mare
343 551 444 593 Rubrum
459 552 501 593 sibi
516 552 657 594 aedificaverit
673 551 759 605 cellam,
777 551 813 592 rel
829 552 899 606 potius

191 619 275 661 foderit.
289 619 362 675 Atque
377 620 436 660 initio
451 619 539 674 quidem
552 620 623 674 latuit,
638 620 677 661 sed
691 620 754 661 brevi
768 618 900 674 quibusdam

192 687 324 732 camelorum
338 681 463 732 ductoribus
477 694 540 732 notus
551 688 591 732 fuit
604 703 675 747 neque
686 688 777 733 multum
788 694 836 747 post
846 693 899 732 tem-

191 763 249 818 poris
260 762 330 818 maJor
340 761 400 818 apud
410 761 471 803 illum
481 763 503 803 in
514 761 599 804 deserto
610 762 650 803 fuit
657 761 769 803 hominum
777 761 899 817 frequentia

192 846 258 886 quam
268 833 290 872 in
301 831 405 887 AEgypto.
420 831 479 872 lllius
493 831 593 886 permulti
606 831 668 872 fuere
683 830 782 885 discipuli
796 837 817 871 et
827 830 900 886 paula-

190 901 229 940 tim
240 899 288 940 alia
298 914 366 955 prope
377 900 433 941 illius
447 899 507 940 cellae
519 899 631 940 aedificatae
642 899 678 940 vel
689 899 772 940 effossae
783 905 842 953 simt3
856 913 899 940 mo-

191 968 257 1010 nachi
272 975 345 1011 tamen
361 970 428 1011 vitam
444 967 539 1026 agebant
553 968 643 1024 nemini,
660 982 687 1011 ne
701 966 795 1010 Antonio
812 966 900 1026 quidem

191 1043 344 1099 mancipatam,
358 1047 477 1097 manentes,
491 1040 603 1097 abeuntes7
617 1039 741 1096 redeuntes,
752 1046 816 1097 prout
827 1056 899 1097 quem-

193 1127 235 1167 que
250 1127 312 1153 suum
326 1112 411 1153 ferebat
425 1112 536 1166 ingenium
546 1117 583 1152 aut
596 1125 636 1152 sua
646 1110 719 1151 libido.
731 1111 777 1151 Hos
788 1111 844 1152 inter
854 1110 899 1151 An-

191 1181 243 1220 tonii
253 1179 368 1234 discipulos
377 1178 472 1234 quadam
484 1178 518 1220 die
529 1178 599 1220 adfuit
606 1178 716 1220 Macarius
725 1180 762 1233 qui
771 1178 825 1219 cella
834 1192 899 1233 quam

192 1261 260 1304 prope
276 1240 343 1289 suum*
355 1248 428 1289 vicum
443 1249 512 1304 primo
528 1246 647 1289 incoluerat
662 1247 744 1304 relicta,
761 1246 821 1289 hand
836 1261 899 1290 secus

193 1326 257 1377 atque
271 1319 378 1363 Antonius
391 1321 512 1363 vicinorum
527 1326 548 1363 et
562 1325 702 1377 cognatorum
715 1319 860 1377 frequentiam
873 1335 899 1363 ac

192 1392 338 1432 reverentiam
351 1391 444 1446 fugiens,
458 1393 485 1432 in·
494 1391 558 1432 aliam
569 1391 661 1446 AEgypti
674 1396 759 1446 partem
773 1405 795 1431 se
809 1396 900 1432 transtu-

192 1459 247 1500 lerat
257 1461 279 1499 in
291 1463 333 1513 qua
344 1458 433 1513 ignobili
443 1460 534 1500 affectus
545 1459 649 1513 supplicio
659 1458 727 1500 multa
740 1473 857 1513 perpessus
868 1465 900 1500 est

193 1533 310 1584 antequam
321 1526 461 1584 Scytlriacam
474 1528 585 1583 regionem
595 1528 642 1585 jam
657 1528 749 1569 eremitis
763 1526 850 1584 plenam
863 1526 899 1569 ad-

192 1601 238 1643 iret.
253 1597 335 1642 Audita
345 1597 434 1642 Antonii
444 1599 508 1656 fama,
520 1598 549 1642 ad
559 1615 619 1642 mare
630 1598 729 1642 Rubrum
740 1598 849 1657 profectus
861 1606 898 1656 est,

192 1672 324 1726 Antoniique
336 1670 491 1712 consuetudine
501 1670 544 1712 frui
555 1672 623 1726 potuit
633 1676 698 1726 atque
710 1670 821 1725 exemplis,
834 1669 900 1722 Quod

192 1741 233 1780 iter
249 1739 320 1780 denno
337 1740 401 1780 etiam
416 1740 462 1779 iniit
478 1744 595 1793 antequam
611 1738 639 1779 ad
654 1738 729 1779 Nitriae
744 1739 805 1779 lacus
821 1738 899 1779 multos

191 1807 309 1849 monachos
325 1806 354 1849 ad
369 1806 519 1849 monachalem
534 1806 661 1863 religionem
679 1808 799 1849 institueret
814 1807 898 1863 illisque

192 1884 262 1922 certas
272 1878 332 1936 leges
344 1879 488 1923 constitueret.
500 1877 536 1922 Ex
547 1878 580 1922 his
590 1877 675 1937 legibus
686 1878 797 1923 monachis
805 1880 899 1937 primmn

192 1952 214 1992 in
226 1950 312 1993 diversa
325 1950 374 1993 loca
388 1950 490 2006 dispersis
504 1957 525 1993 et
538 1950 591 1992 nnlli
604 1950 696 1993 addictis
708 1965 822 1993 commime
833 1950 899 2006 quod-

194 2020 244 2060 dam
257 2022 362 2060 innexum
376 2026 408 2060 est
418 2020 530 2060 vinculum
541 2034 582 2074 quo
596 2020 626 2060 illi
640 2021 704 2061 certis
717 2019 775 2060 horis
786 2019 815 2060 ad
824 2020 899 2060 Deum

192 2102 270 2143 preces
286 2087 388 2141 fundere,
402 2086 438 2128 vel
453 2086 554 2144 manibus
569 2074 679 2141 laborare7
695 2087 731 2128 vel
746 2087 847 2142 ingilare,
863 2087 899 2128 rel

193 2156 293 2215 dormire,
308 2155 344 2200 rel
358 2155 423 2201 edere
437 2162 542 2215 poterant,
557 2171 598 2200 nec
611 2162 684 2201 tamen
697 2157 719 2200 in
733 2171 775 2201 uno
789 2156 836 2202 loco
851 2173 899 2202 con-

193 2232 286 2288 gregati7
303 2232 321 2272 si
336 2244 444 2286 cpttcmeos
460 2230 536 2272 horam
555 2236 575 2272 et
591 2230 649 2273 diem
665 2233 784 2287 exceperis.
801 2231 900 2274 Pessima

194 2302 250 2341 enim
260 2302 364 2355 magistra
374 2301 422 2341 sisa
436 2306 482 2341 erat
492 2300 588 2341 lllacario
603 2300 694 2341 solitudo
706 2306 852 2356 expertusque
863 2301 898 2342 ille

194 2374 240 2409 erat
249 2368 373 2409 hominibus
385 2373 488 2409 caetermn
497 2367 589 2409 rudibus
603 2383 629 2409 ac
639 2374 717 2409 nattna
727 2368 756 2410 ad
766 2368 899 2425 voluptatem

192 2438 305 2495 propensis
317 2442 338 2480 et
347 2436 397 2496 lege
408 2451 462 2496 opus
473 2451 521 2481 esse
532 2436 603 2481 stabili
614 2442 635 2481 et
644 2438 749 2482 monitore
758 2439 795 2498 qni
802 2437 849 2482 illos
860 2453 899 2498 per

193 2511 307 2553 rectiorem
315 2512 374 2554 viam
383 2510 478 2554 duceret.
489 2511 568 2569 Neque
578 2517 652 2554 tamen
662 2526 760 2568 unquam
769 2511 800 2554 illi
809 2513 831 2554 in
841 2528 899 2555 men-

192 2587 236 2623 tem
252 2582 311 2622 venit
327 2596 401 2623 omnes
416 2583 466 2623 vitae
481 2582 587 2637 religiosae
602 2598 628 2624 ae
643 2582 777 2624 monachicae
793 2582 899 2625 studiosos

193 2663 333 2703 congregare,
348 2649 394 2690 illos
408 2649 437 2691 ad
447 2652 497 2691 ritae
510 2650 567 2691 bene
582 2656 603 2691 et
616 2652 698 2691 ratione
713 2650 820 2705 dispositae
834 2657 899 2706 atque
