1818 3169
308 309 396 338 msronu
404 308 503 338 11111111,
730 298 757 341 61

35 405 36 408 ’
53 412 129 451 auctor
138 405 278 463 Apollonium
288 406 393 450 allocutus
404 411 437 448 est
447 406 505 448 eirea
517 421 600 448 anmun
609 405 698 448 Domini
708 402 758 459 388,

53 478 132 521 Rufino
140 477 217 534 prooul
224 478 246 520 in
254 477 369 520 Palaestina
376 481 480 519 morante.
492 476 555 519 idem
564 477 666 519 1111111111
677 480 758 530 auctor,

54 549 124 605 eapite
134 547 221 604 XXIII,
233 562 275 605 quo
286 554 383 605 tempore
393 545 539 603 Ammonium,
552 546 674 589 Eusebium
684 551 706 589 et
715 545 759 589 Eu-

54 619 162 676 thpunium
171 619 253 675 invisit,
264 618 397 661 Diosourum
407 607 492 660 illorum
501 618 591 661 fratrem
601 616 759 675 Hermopoleos

55 689 180 746 episcopum
189 695 259 731 vocat.
275 688 344 746 Atqui
354 703 410 732 anno
421 679 510 731 Domini
520 687 563 730 390
573 689 591 731 is
602 687 699 731 nondum
712 694 759 730 erat
823 731 827 735 ,

55 760 168 816 episeopus
185 773 214 801 ex
224 758 360 802 Tfflemontio
375 759 399 801 in
411 757 556 815 Theophilum
565 757 758 813 Alexandrinmn,l

54 817 109 872 adeo
119 834 144 871 ut
153 829 254 871 itinerum
263 834 338 872 auotor
348 834 399 871 ante
408 827 468 870 hune
478 842 560 870 annum
568 827 611 869 390
618 827 759 870 Ammonium

54 899 181 941 convenisse
196 897 302 941 dicendus
314 913 358 940 non
372 898 404 940 sit.
421 896 484 939 Idem
493 911 557 952 porro
568 897 689 939 Dioseruus
702 911 758 939 anno

53 967 143 1009 Domini
152 966 197 1009 394
207 973 253 1009 erat
266 968 389 1024 episeopus3
403 972 455 1008 tuno
469 966 527 1008 enim
541 966 575 1007 die
588 967 691 1008 vicesimo
702 980 759 1007 nono

54 1036 182 1093 septembris
189 1036 316 1092 subscripsit
322 1035 411 1079 coneilio
417 1035 669 1092 Ο11111111111111111.2
675 1036 759 1078 Rursus

29 1125 30 1128 ¹
54 1112 129 1149 auctor
143 1107 214 1163 eapite
224 1106 337 1161 XXVIII,
352 1105 379 1148 de
390 1105 485 1162 Evagrio
499 1110 604 1162 tanquam
615 1105 642 1147 de
652 1105 759 1148 monacho

53 1183 105 1219 tuno
118 1176 177 1219 fama
189 1178 300 1219 notissimo
314 1191 437 1219 sermonem
449 1176 540 1218 instituit
551 1192 556 1218 :
567 1176 676 1233 Euagrius
686 1182 760 1218 tamen

53 1247 183 1304 AEgyptiam
193 1246 330 1289 solitudinem
340 1252 390 1289 ante
401 1261 482 1288 annum
491 1246 581 1289 Domini
592 1244 635 1288 382
648 1245 760 1302 haudqua-

54 1331 120 1373 quam
135 1318 224 1358 intravit
237 1316 333 1372 obiitque
346 1331 402 1358 anno
412 1315 505 1358 ,Domini
515 1314 565 1358 399.
581 1315 619 1358 Ait
633 1317 698 1358 etiam
711 1331 760 1358 aue-

53 1391 87 1428 tor
93 1385 215 1442 Euagrium
222 1400 279 1442 pane
287 1387 373 1442 penitus
381 1385 511 1428 abstinuisse
520 1400 591 1441 quem,
599 1391 655 1427 teste
662 1385 760 1428 Palladio

54 1456 101 1512 ejus
117 1454 224 1512 discipulo·
236 1456 307 1511 eapite
316 1454 440 1497 LXXXVI
450 1469 494 1497 non
508 1454 602 1497 eomedit
614 1456 656 1497 nisi
665 1461 715 1511 post
725 1470 761 1497 an-

54 1540 106 1567 num
118 1524 208 1567 Domini
223 1522 272 1566 397.
289 1524 392 1581 Denique
410 1523 437 1566 de
452 1523 537 1567 duobus
550 1523 653 1567 Macariis
666 1524 761 1581 loquitur

55 1596 125 1651 eapite
133 1594 241 1649 XXVIII7
253 1594 293 1636 sed
300 1600 324 1636 ut
335 1593 362 1636 de
372 1593 484 1636 monachis
495 1594 523 1636 ab
535 1609 558 1636 se
566 1595 654 1636 minime
662 1595 721 1649 visis,
729 1601 761 1636 ut-

53 1670 104 1720 pote
113 1665 213 1706 entinotis
222 1670 340 1720 antequam
346 1664 393 1720 ipse
401 1665 424 1705 in
430 1664 524 1706 Nitriam
530 1665 621 1706 veniret.
633 1664 696 1706 Prior
704 1664 761 1706 obie-

53 1739 87 1775 rat
98 1734 157 1775 eirea
167 1748 249 1776 annum
258 1733 348 1776 Domini
356 1732 407 1789 390,
418 1733 472 1793 aiter
483 1734 541 1775 eirea
552 1733 690 1776 1111111395.
701 1734 761 1776 Rufi-

54 1818 94 1845 uus
106 1810 181 1845 eontra
189 1803 263 1859 semei,
272 1804 351 1845 iterum
360 1803 761 1859 111111111111111111111111111111111
771 1833 774 1837 -

54 1875 140 1916 novisse
154 1879 252 1929 testatur,
265 1872 321 1916 libro
334 1873 358 1916 Π
370 1874 393 1914 11
406 1873 567 1930 Hieronymiun
580 1875 637 1915 etin
647 1873 760 1925 Historia,

54 1942 92 1985 lib.
103 1942 133 1998 Π7
144 1958 192 1999 oap.
203 1942 236 1985 IV
248 1942 368 1985 1111ΠΙ.»3
516 1941 518 1944 ’

83 2012 125 2055 His
139 2012 239 2055 omnibus
253 2013 376 2055 acutissime
390 2013 521 2070 perspectis,
535 2012 640 2056 Rufinmu
652 2012 761 2055 Historiae

55 2083 210 2124 ruouaoboruoa
217 2097 262 2125 non
269 2088 382 2125 auctorem
390 2097 438 2125 esse
446 2081 486 2139 pro
495 2089 554 2125 oerto
564 2082 692 2126 habendum
701 2090 761 2139 puto,

56 2153 165 2207 quamvis,
178 2152 314 2209 Hieronymo
324 2158 389 2208 teste,
404 2151 432 2194 de
445 2152 559 2195 monachis
572 2154 671 2209 aegyptiis
681 2152 762 2195 librum

56 2220 173 2277 quemdam
187 2222 298 2278 scripsisse
311 2220 405 2265 videtur.
421 2221 528 2276 Quisnam
538 2237 591 2265 vero
602 2224 629 2265 sit
636 2222 701 2280 hujus
709 2221 761 2263 His-

55 2292 119 2332 torioe
133 2298 208 2334 auetor
221 2292 269 2334 fuse
284 2291 386 2334 disseruit
399 2293 551 2349 Rosvoeydius
566 2294 589 2335 iu
601 2291 762 2349 Proleporaom's

56 2360 153 2402 aduitus
164 2361 258 2403 Patruus
269 2361 405 2418 diversisque
417 2361 444 2404 de
456 2364 567 2405 sententiis
579 2362 718 2418 disceptavit,
732 2369 762 2405 at-

56 2445 98 2486 que
106 2432 147 2473 iter
152 2430 253 2473 Petronio
259 2430 346 2473 auidam
351 2431 490 2487 Bononiensi,
499 2433 618 2474 orationem
623 2446 676 2474 vero
682 2432 762 2474 Rufino

88 2608 103 2638 l.
116 2605 142 2638 cf.
156 2606 265 2645 Tillemont,
281 2609 324 2639 tour.
338 2606 372 2647 XI,
386 2610 419 2639 art.
433 2608 453 2648 3,
469 2617 485 2649 p.
499 2608 539 2639 417.
553 2627 571 2631 -
584 2608 600 2641 ’2.
614 2608 677 2640 Labhe
693 2607 762 2647 Concit,

56 2667 99 2698 tom.
113 2664 137 2706 11,
150 2677 167 2708 p.
181 2666 232 2697 1151.
246 2683 267 2688 —
281 2666 297 2697 3.
311 2664 361 2697 Pau.
374 2665 410 2704 lua,
424 2668 466 2698 tom.
479 2666 529 2706 XXI,
542 2666 576 2699 col.
589 2667 629 2700 238.
