<?xml version="1.0" encoding="UTF-8"?>
<!DOCTYPE html PUBLIC "-//W3C//DTD XHTML 1.0 Transitional//EN"
    "http://www.w3.org/TR/xhtml1/DTD/xhtml1-transitional.dtd">
<html xmlns="http://www.w3.org/1999/xhtml" xml:lang="en" lang="en">
 <head>
  <title>
</title>
<meta http-equiv="Content-Type" content="text/html;charset=utf-8" />
  <meta name='ocr-system' content='tesseract 3.04.00' />
  <meta name='ocr-capabilities' content='ocr_page ocr_carea ocr_par ocr_line ocrx_word'/>
</head>
<body>
  <div class='ocr_page' id='page_1' title='image "MN41886ucmf_5_0077.png"; bbox 0 0 1818 3169; ppageno 0'>
   <div class='ocr_carea' id='block_1_1' title="bbox 309 311 761 355">
    <p class='ocr_par' dir='ltr' id='par_1_1' title="bbox 309 311 761 355">
     <span class='ocr_line' id='line_1_1' title="bbox 309 311 761 355; baseline 0.007 -5"><span class='ocrx_word' id='word_1_1' title='bbox 309 322 397 350; x_wconf 77' lang='lat' dir='ltr'>meroen</span> <span class='ocrx_word' id='word_1_2' title='bbox 406 321 505 355; x_wconf 67' lang='lat' dir='ltr'>nursiaec.</span> <span class='ocrx_word' id='word_1_3' title='bbox 733 311 761 353; x_wconf 74' lang='lat'>53</span> 
     </span>
    </p>
   </div>
   <div class='ocr_carea' id='block_1_2' title="bbox 54 416 786 2568">
    <p class='ocr_par' dir='ltr' id='par_1_2' title="bbox 54 416 786 1035">
     <span class='ocr_line' id='line_1_2' title="bbox 56 416 762 476; baseline -0.006 -14"><span class='ocrx_word' id='word_1_4' title='bbox 56 418 148 476; x_wconf 80' lang='lat' dir='ltr'>Scyrion</span> <span class='ocrx_word' id='word_1_5' title='bbox 159 423 181 460; x_wconf 87' lang='lat' dir='ltr'>et</span> <span class='ocrx_word' id='word_1_6' title='bbox 189 417 250 460; x_wconf 82' lang='lat' dir='ltr'>Elias</span> <span class='ocrx_word' id='word_1_7' title='bbox 261 423 283 459; x_wconf 92' lang='lat' dir='ltr'>et</span> <span class='ocrx_word' id='word_1_8' title='bbox 292 417 374 459; x_wconf 90' lang='lat' dir='ltr'>Paulus</span> <span class='ocrx_word' id='word_1_9' title='bbox 384 418 407 459; x_wconf 90' lang='lat' dir='ltr'>in</span> <span class='ocrx_word' id='word_1_10' title='bbox 417 416 525 473; x_wconf 75' lang='lat' dir='ltr'>Apetiote,</span> <span class='ocrx_word' id='word_1_11' title='bbox 537 416 591 459; x_wconf 88' lang='lat' dir='ltr'>alius</span> <span class='ocrx_word' id='word_1_12' title='bbox 601 418 624 458; x_wconf 95' lang='lat' dir='ltr'>in</span> <span class='ocrx_word' id='word_1_13' title='bbox 631 416 703 471; x_wconf 80' lang='lat' dir='ltr'>Focis,</span> <span class='ocrx_word' id='word_1_14' title='bbox 714 416 762 458; x_wconf 85' lang='lat' dir='ltr'>Poe-</span> 
     </span>
     <span class='ocr_line' id='line_1_3' title="bbox 55 485 760 544; baseline -0.003 -13"><span class='ocrx_word' id='word_1_15' title='bbox 55 504 105 532; x_wconf 92' lang='lat' dir='ltr'>men</span> <span class='ocrx_word' id='word_1_16' title='bbox 116 493 138 530; x_wconf 89' lang='lat' dir='ltr'>et</span> <span class='ocrx_word' id='word_1_17' title='bbox 144 488 159 530; x_wconf 86' lang='lat' dir='ltr'>J</span> <span class='ocrx_word' id='word_1_18' title='bbox 160 487 227 544; x_wconf 89' lang='lat' dir='ltr'>oseph</span> <span class='ocrx_word' id='word_1_19' title='bbox 235 488 258 529; x_wconf 88' lang='lat' dir='ltr'>in</span> <span class='ocrx_word' id='word_1_20' title='bbox 265 487 349 544; x_wconf 80' lang='lat' dir='ltr'>Pispiri,</span> <span class='ocrx_word' id='word_1_21' title='bbox 362 488 398 544; x_wconf 92' lang='lat' dir='ltr'>qui</span> <span class='ocrx_word' id='word_1_22' title='bbox 409 487 560 544; x_wconf 77' lang='lat' dir='ltr'>appellabatur</span> <span class='ocrx_word' id='word_1_23' title='bbox 569 489 632 529; x_wconf 87' lang='lat' dir='ltr'>mons</span> <span class='ocrx_word' id='word_1_24' title='bbox 640 485 760 529; x_wconf 84' lang='lat' dir='ltr'>Antonii.»l</span> 
     </span>
     <span class='ocr_line' id='line_1_4' title="bbox 55 556 762 615; baseline -0.003 -13"><span class='ocrx_word' id='word_1_25' title='bbox 55 559 110 602; x_wconf 87' lang='lat' dir='ltr'>Haec</span> <span class='ocrx_word' id='word_1_26' title='bbox 118 557 206 615; x_wconf 89' lang='lat' dir='ltr'>quidem</span> <span class='ocrx_word' id='word_1_27' title='bbox 213 558 237 600; x_wconf 86' lang='lat' dir='ltr'>in</span> <span class='ocrx_word' id='word_1_28' title='bbox 242 557 348 600; x_wconf 82' lang='lat' dir='ltr'>Historia</span> <span class='ocrx_word' id='word_1_29' title='bbox 356 557 504 600; x_wconf 76' lang='lat' dir='ltr'>ecclesiastica</span> <span class='ocrx_word' id='word_1_30' title='bbox 511 558 604 600; x_wconf 86' lang='lat' dir='ltr'>Rufinus</span> <span class='ocrx_word' id='word_1_31' title='bbox 613 556 641 600; x_wconf 90' lang='lat' dir='ltr'>de</span> <span class='ocrx_word' id='word_1_32' title='bbox 649 557 762 600; x_wconf 83' lang='lat' dir='ltr'>monachis</span> 
     </span>
     <span class='ocr_line' id='line_1_5' title="bbox 56 627 761 686; baseline -0.003 -15"><span class='ocrx_word' id='word_1_33' title='bbox 56 643 109 686; x_wconf 85' lang='lat' dir='ltr'>quos</span> <span class='ocrx_word' id='word_1_34' title='bbox 116 630 140 671; x_wconf 92' lang='lat' dir='ltr'>in</span> <span class='ocrx_word' id='word_1_35' title='bbox 149 627 257 685; x_wconf 77' lang='lat' dir='ltr'>Apologia</span> <span class='ocrx_word' id='word_1_36' title='bbox 264 634 369 686; x_wconf 77' lang='lat' dir='ltr'><strong>tanquam</strong></span> <span class='ocrx_word' id='word_1_37' title='bbox 376 634 521 685; x_wconf 68' lang='lat' dir='ltr'>praeceptores</span> <span class='ocrx_word' id='word_1_38' title='bbox 530 643 580 670; x_wconf 89' lang='lat' dir='ltr'>suos</span> <span class='ocrx_word' id='word_1_39' title='bbox 589 630 761 682; x_wconf 70' lang='lat' dir='ltr'>commemorar‚²</span> 
     </span>
     <span class='ocr_line' id='line_1_6' title="bbox 55 697 786 755; baseline -0.001 -13"><span class='ocrx_word' id='word_1_40' title='bbox 55 714 81 742; x_wconf 88' lang='lat' dir='ltr'>ac</span> <span class='ocrx_word' id='word_1_41' title='bbox 93 697 145 741; x_wconf 89' lang='lat' dir='ltr'>dicit</span> <span class='ocrx_word' id='word_1_42' title='bbox 156 714 160 740; x_wconf 97' lang='lat'><strong>:</strong></span> <span class='ocrx_word' id='word_1_43' title='bbox 175 698 237 755; x_wconf 79' lang='lat' dir='ltr'>«Ego</span> <span class='ocrx_word' id='word_1_44' title='bbox 248 700 285 755; x_wconf 86' lang='lat' dir='ltr'>qui</span> <span class='ocrx_word' id='word_1_45' title='bbox 295 713 335 741; x_wconf 82' lang='lat' dir='ltr'>sex</span> <span class='ocrx_word' id='word_1_46' title='bbox 346 699 408 741; x_wconf 90' lang='lat' dir='ltr'>annis</span> <span class='ocrx_word' id='word_1_47' title='bbox 419 698 463 741; x_wconf 87' lang='lat' dir='ltr'>Dei</span> <span class='ocrx_word' id='word_1_48' title='bbox 477 713 543 741; x_wconf 89' lang='lat' dir='ltr'>causa</span> <span class='ocrx_word' id='word_1_49' title='bbox 557 704 701 740; x_wconf 90' lang='lat' dir='ltr'>commoratus</span> <span class='ocrx_word' id='word_1_50' title='bbox 712 712 761 741; x_wconf 90' lang='lat' dir='ltr'>sum</span> <span class='ocrx_word' id='word_1_51' title='bbox 782 711 786 718; x_wconf 74' lang='grc'>’</span> 
     </span>
     <span class='ocr_line' id='line_1_7' title="bbox 56 767 761 825; baseline -0.003 -14"><span class='ocrx_word' id='word_1_52' title='bbox 56 775 77 811; x_wconf 90' lang='lat' dir='ltr'>et</span> <span class='ocrx_word' id='word_1_53' title='bbox 92 770 170 811; x_wconf 88' lang='lat' dir='ltr'>iterum</span> <span class='ocrx_word' id='word_1_54' title='bbox 185 774 234 825; x_wconf 89' lang='lat' dir='ltr'>post</span> <span class='ocrx_word' id='word_1_55' title='bbox 248 768 386 811; x_wconf 84' lang='lat' dir='ltr'>intervallum</span> <span class='ocrx_word' id='word_1_56' title='bbox 404 768 486 825; x_wconf 82' lang='lat' dir='ltr'>aliquot</span> <span class='ocrx_word' id='word_1_57' title='bbox 503 768 550 810; x_wconf 86' lang='lat' dir='ltr'>aliis</span> <span class='ocrx_word' id='word_1_58' title='bbox 566 767 681 810; x_wconf 81' lang='lat' dir='ltr'>diebus.»³</span> <span class='ocrx_word' id='word_1_59' title='bbox 701 767 761 820; x_wconf 66' lang='lat' dir='ltr'>Qud</span> 
     </span>
     <span class='ocr_line' id='line_1_8' title="bbox 54 837 760 894; baseline -0.004 -12"><span class='ocrx_word' id='word_1_60' title='bbox 54 838 137 882; x_wconf 87' lang='lat' dir='ltr'>multa?</span> <span class='ocrx_word' id='word_1_61' title='bbox 147 838 251 881; x_wconf 87' lang='lat' dir='ltr'>Rufinum</span> <span class='ocrx_word' id='word_1_62' title='bbox 262 844 310 881; x_wconf 89' lang='lat' dir='ltr'>octo</span> <span class='ocrx_word' id='word_1_63' title='bbox 320 853 389 881; x_wconf 85' lang='lat' dir='ltr'>annos</span> <span class='ocrx_word' id='word_1_64' title='bbox 398 839 421 880; x_wconf 88' lang='lat' dir='ltr'>in</span> <span class='ocrx_word' id='word_1_65' title='bbox 431 837 530 894; x_wconf 79' lang='lat' dir='ltr'>AEgypto</span> <span class='ocrx_word' id='word_1_66' title='bbox 542 839 700 893; x_wconf 74' lang='lat' dir='ltr'>consumpsisse</span> <span class='ocrx_word' id='word_1_67' title='bbox 712 852 760 880; x_wconf 87' lang='lat' dir='ltr'>cou-</span> 
     </span>
     <span class='ocr_line' id='line_1_9' title="bbox 55 906 760 966; baseline -0.004 -15"><span class='ocrx_word' id='word_1_68' title='bbox 55 914 96 951; x_wconf 86' lang='lat' dir='ltr'>stat</span> <span class='ocrx_word' id='word_1_69' title='bbox 105 923 146 966; x_wconf 88' lang='lat' dir='ltr'>per</span> <span class='ocrx_word' id='word_1_70' title='bbox 157 922 210 965; x_wconf 88' lang='lat' dir='ltr'>quos</span> <span class='ocrx_word' id='word_1_71' title='bbox 219 913 265 950; x_wconf 88' lang='lat' dir='ltr'>tota</span> <span class='ocrx_word' id='word_1_72' title='bbox 277 909 366 964; x_wconf 77' lang='lat' dir='ltr'>regione</span> <span class='ocrx_word' id='word_1_73' title='bbox 379 912 505 963; x_wconf 68' lang='lat' dir='ltr'>peragrata,</span> <span class='ocrx_word' id='word_1_74' title='bbox 519 906 622 949; x_wconf 85' lang='lat' dir='ltr'>videlicet</span> <span class='ocrx_word' id='word_1_75' title='bbox 637 913 658 948; x_wconf 90' lang='lat' dir='ltr'>et</span> <span class='ocrx_word' id='word_1_76' title='bbox 667 907 760 949; x_wconf 90' lang='lat' dir='ltr'>Hermo-</span> 
     </span>
     <span class='ocr_line' id='line_1_10' title="bbox 54 976 430 1035; baseline -0.005 -15"><span class='ocrx_word' id='word_1_77' title='bbox 54 978 121 1035; x_wconf 85' lang='lat' dir='ltr'>polim</span> <span class='ocrx_word' id='word_1_78' title='bbox 132 984 153 1020; x_wconf 91' lang='lat' dir='ltr'>et</span> <span class='ocrx_word' id='word_1_79' title='bbox 162 983 259 1020; x_wconf 88' lang='lat' dir='ltr'>montem</span> <span class='ocrx_word' id='word_1_80' title='bbox 269 976 359 1019; x_wconf 83' lang='lat' dir='ltr'>Antonii</span> <span class='ocrx_word' id='word_1_81' title='bbox 368 976 430 1018; x_wconf 77' lang='lat' dir='ltr'>vidit.</span> 
     </span>
    </p>

    <p class='ocr_par' dir='ltr' id='par_1_3' title="bbox 54 1045 763 2359">
     <span class='ocr_line' id='line_1_11' title="bbox 85 1045 762 1104; baseline -0.001 -14"><span class='ocrx_word' id='word_1_82' title='bbox 85 1046 130 1091; x_wconf 79' lang='lat' dir='ltr'>Sed</span> <span class='ocrx_word' id='word_1_83' title='bbox 143 1053 260 1104; x_wconf 79' lang='lat' dir='ltr'>antequam</span> <span class='ocrx_word' id='word_1_84' title='bbox 274 1045 302 1089; x_wconf 91' lang='lat' dir='ltr'>de</span> <span class='ocrx_word' id='word_1_85' title='bbox 314 1046 389 1088; x_wconf 86' lang='lat' dir='ltr'>Rufini</span> <span class='ocrx_word' id='word_1_86' title='bbox 403 1061 468 1102; x_wconf 91' lang='lat' dir='ltr'>opere</span> <span class='ocrx_word' id='word_1_87' title='bbox 483 1045 575 1103; x_wconf 88' lang='lat' dir='ltr'>amplius</span> <span class='ocrx_word' id='word_1_88' title='bbox 590 1051 718 1101; x_wconf 49' lang='lat' dir='ltr'>tractemus</span> <span class='ocrx_word' id='word_1_89' title='bbox 733 1047 762 1089; x_wconf 91' lang='lat' dir='ltr'>ad</span> 
     </span>
     <span class='ocr_line' id='line_1_12' title="bbox 54 1115 761 1174; baseline -0.001 -14"><span class='ocrx_word' id='word_1_90' title='bbox 54 1116 147 1160; x_wconf 88' lang='lat' dir='ltr'>Palladii</span> <span class='ocrx_word' id='word_1_91' title='bbox 157 1118 198 1159; x_wconf 89' lang='lat' dir='ltr'>iter</span> <span class='ocrx_word' id='word_1_92' title='bbox 208 1130 327 1173; x_wconf 83' lang='lat' dir='ltr'>parumper</span> <span class='ocrx_word' id='word_1_93' title='bbox 337 1131 376 1158; x_wconf 86' lang='lat' dir='ltr'>nos</span> <span class='ocrx_word' id='word_1_94' title='bbox 388 1122 546 1159; x_wconf 76' lang='lat' dir='ltr'>convertamus.</span> <span class='ocrx_word' id='word_1_95' title='bbox 559 1115 582 1159; x_wconf 81' lang='lat' dir='ltr'>Si</span> <span class='ocrx_word' id='word_1_96' title='bbox 589 1118 656 1174; x_wconf 80' lang='lat' dir='ltr'>igitur</span> <span class='ocrx_word' id='word_1_97' title='bbox 663 1117 761 1160; x_wconf 86' lang='lat' dir='ltr'>Palladio</span> 
     </span>
     <span class='ocr_line' id='line_1_13' title="bbox 55 1185 761 1244; baseline -0.001 -14"><span class='ocrx_word' id='word_1_98' title='bbox 55 1187 110 1230; x_wconf 88' lang='lat' dir='ltr'>fides</span> <span class='ocrx_word' id='word_1_99' title='bbox 120 1185 301 1242; x_wconf 64' lang='lat' dir='ltr'>tribuenda7‘ipse</span> <span class='ocrx_word' id='word_1_100' title='bbox 311 1187 371 1243; x_wconf 88' lang='lat' dir='ltr'>prior</span> <span class='ocrx_word' id='word_1_101' title='bbox 382 1185 473 1228; x_wconf 83' lang='lat' dir='ltr'>aNitria</span> <span class='ocrx_word' id='word_1_102' title='bbox 484 1185 514 1228; x_wconf 88' lang='lat' dir='ltr'>ad</span> <span class='ocrx_word' id='word_1_103' title='bbox 520 1186 651 1244; x_wconf 83' lang='lat' dir='ltr'>Lycopolim</span> <span class='ocrx_word' id='word_1_104' title='bbox 661 1188 702 1229; x_wconf 88' lang='lat' dir='ltr'>iter</span> <span class='ocrx_word' id='word_1_105' title='bbox 713 1202 761 1229; x_wconf 87' lang='lat' dir='ltr'>con-</span> 
     </span>
     <span class='ocr_line' id='line_1_14' title="bbox 54 1256 761 1314; baseline -0.003 -14"><span class='ocrx_word' id='word_1_106' title='bbox 54 1258 106 1300; x_wconf 78' lang='lat' dir='ltr'>fecit</span> <span class='ocrx_word' id='word_1_107' title='bbox 120 1256 260 1313; x_wconf 80' lang='lat' dir='ltr'>Evagrioque</span> <span class='ocrx_word' id='word_1_108' title='bbox 278 1256 305 1298; x_wconf 86' lang='lat' dir='ltr'>de</span> <span class='ocrx_word' id='word_1_109' title='bbox 318 1256 404 1299; x_wconf 85' lang='lat' dir='ltr'>Joanne</span> <span class='ocrx_word' id='word_1_110' title='bbox 417 1256 575 1313; x_wconf 86' lang='lat' dir='ltr'>Lycopohtano</span> <span class='ocrx_word' id='word_1_111' title='bbox 592 1259 697 1313; x_wconf 76' lang='lat' dir='ltr'>quaerenti</span> <span class='ocrx_word' id='word_1_112' title='bbox 713 1271 761 1314; x_wconf 77' lang='lat' dir='ltr'>quae</span> 
     </span>
     <span class='ocr_line' id='line_1_15' title="bbox 55 1319 762 1391; baseline 0.001 -22"><span class='ocrx_word' id='word_1_113' title='bbox 55 1327 144 1370; x_wconf 89' lang='lat' dir='ltr'>vidisset</span> <span class='ocrx_word' id='word_1_114' title='bbox 155 1327 263 1391; x_wconf 72' lang='lat' dir='ltr'>nuptiavit</span> <span class='ocrx_word' id='word_1_115' title='bbox 274 1319 432 1383; x_wconf 83' lang='lat' dir='ltr'>comitibusque</span> <span class='ocrx_word' id='word_1_116' title='bbox 443 1327 486 1369; x_wconf 88' lang='lat' dir='ltr'>suis</span> <span class='ocrx_word' id='word_1_117' title='bbox 494 1328 562 1382; x_wconf 86' lang='lat' dir='ltr'>ipsius</span> <span class='ocrx_word' id='word_1_118' title='bbox 570 1327 585 1370; x_wconf 83' lang='lat' dir='ltr'><strong>J</strong></span> <span class='ocrx_word' id='word_1_119' title='bbox 586 1328 661 1369; x_wconf 87' lang='lat' dir='ltr'>oannis</span> <span class='ocrx_word' id='word_1_120' title='bbox 671 1327 762 1370; x_wconf 81' lang='lat' dir='ltr'>videndi</span> 
     </span>
     <span class='ocr_line' id='line_1_16' title="bbox 56 1396 762 1454; baseline 0.001 -15"><span class='ocrx_word' id='word_1_121' title='bbox 56 1397 196 1454; x_wconf 78' lang='lat' dir='ltr'>cupiditatem</span> <span class='ocrx_word' id='word_1_122' title='bbox 214 1397 294 1453; x_wconf 87' lang='lat' dir='ltr'>injecit.</span> <span class='ocrx_word' id='word_1_123' title='bbox 316 1396 382 1449; x_wconf 70' lang='lat' dir='ltr'>Qriod</span> <span class='ocrx_word' id='word_1_124' title='bbox 399 1398 440 1438; x_wconf 90' lang='lat' dir='ltr'>iter</span> <span class='ocrx_word' id='word_1_125' title='bbox 459 1410 553 1453; x_wconf 87' lang='lat' dir='ltr'>quonam</span> <span class='ocrx_word' id='word_1_126' title='bbox 569 1412 625 1439; x_wconf 90' lang='lat' dir='ltr'>anno</span> <span class='ocrx_word' id='word_1_127' title='bbox 642 1400 762 1454; x_wconf 86' lang='lat' dir='ltr'>susceperit</span> 
     </span>
     <span class='ocr_line' id='line_1_17' title="bbox 54 1465 761 1523; baseline 0.001 -14"><span class='ocrx_word' id='word_1_128' title='bbox 54 1467 165 1510; x_wconf 86' lang='lat' dir='ltr'>Palladius</span> <span class='ocrx_word' id='word_1_129' title='bbox 180 1482 224 1509; x_wconf 90' lang='lat' dir='ltr'>non</span> <span class='ocrx_word' id='word_1_130' title='bbox 241 1465 301 1522; x_wconf 36' lang='lat' dir='ltr'>dicits.</span> <span class='ocrx_word' id='word_1_131' title='bbox 317 1472 402 1509; x_wconf 75' lang='lat' dir='ltr'>tantrun</span> <span class='ocrx_word' id='word_1_132' title='bbox 416 1465 444 1508; x_wconf 91' lang='lat' dir='ltr'>de</span> <span class='ocrx_word' id='word_1_133' title='bbox 458 1467 532 1509; x_wconf 85' lang='lat' dir='ltr'>aestivo</span> <span class='ocrx_word' id='word_1_134' title='bbox 547 1466 648 1523; x_wconf 84' lang='lat' dir='ltr'>quaedam</span> <span class='ocrx_word' id='word_1_135' title='bbox 663 1473 761 1523; x_wconf 88' lang='lat' dir='ltr'>tempore</span> 
     </span>
     <span class='ocr_line' id='line_1_18' title="bbox 56 1535 762 1594; baseline 0 -15"><span class='ocrx_word' id='word_1_136' title='bbox 56 1542 215 1592; x_wconf 82' lang='lat' dir='ltr'>commemorat,</span> <span class='ocrx_word' id='word_1_137' title='bbox 227 1551 313 1579; x_wconf 87' lang='lat' dir='ltr'>necnon</span> <span class='ocrx_word' id='word_1_138' title='bbox 324 1535 352 1579; x_wconf 90' lang='lat' dir='ltr'>de</span> <span class='ocrx_word' id='word_1_139' title='bbox 361 1535 406 1578; x_wconf 87' lang='lat' dir='ltr'>Nili</span> <span class='ocrx_word' id='word_1_140' title='bbox 417 1551 510 1578; x_wconf 87' lang='lat' dir='ltr'>ascensu</span> <span class='ocrx_word' id='word_1_141' title='bbox 521 1542 542 1578; x_wconf 87' lang='lat' dir='ltr'>et</span> <span class='ocrx_word' id='word_1_142' title='bbox 551 1536 578 1579; x_wconf 87' lang='lat' dir='ltr'>de</span> <span class='ocrx_word' id='word_1_143' title='bbox 586 1536 662 1579; x_wconf 90' lang='lat' dir='ltr'>morbo</span> <span class='ocrx_word' id='word_1_144' title='bbox 671 1551 714 1593; x_wconf 86' lang='lat' dir='ltr'>quo</span> <span class='ocrx_word' id='word_1_145' title='bbox 722 1552 762 1594; x_wconf 88' lang='lat' dir='ltr'>per</span> 
     </span>
     <span class='ocr_line' id='line_1_19' title="bbox 54 1605 762 1663; baseline 0.001 -15"><span class='ocrx_word' id='word_1_146' title='bbox 54 1608 95 1649; x_wconf 89' lang='lat' dir='ltr'>iter</span> <span class='ocrx_word' id='word_1_147' title='bbox 102 1606 244 1661; x_wconf 76' lang='lat' dir='ltr'>laboraverit3</span> <span class='ocrx_word' id='word_1_148' title='bbox 256 1621 324 1663; x_wconf 89' lang='lat' dir='ltr'>quum</span> <span class='ocrx_word' id='word_1_149' title='bbox 333 1620 387 1648; x_wconf 85' lang='lat' dir='ltr'>vero</span> <span class='ocrx_word' id='word_1_150' title='bbox 397 1605 504 1661; x_wconf 77' lang='lat' dir='ltr'>rediisset,</span> <span class='ocrx_word' id='word_1_151' title='bbox 516 1605 552 1648; x_wconf 90' lang='lat' dir='ltr'>alii</span> <span class='ocrx_word' id='word_1_152' title='bbox 561 1605 650 1663; x_wconf 89' lang='lat' dir='ltr'>quidam</span> <span class='ocrx_word' id='word_1_153' title='bbox 657 1607 716 1649; x_wconf 81' lang='lat' dir='ltr'>viam</span> <span class='ocrx_word' id='word_1_154' title='bbox 724 1608 762 1649; x_wconf 88' lang='lat' dir='ltr'>ini-</span> 
     </span>
     <span class='ocr_line' id='line_1_20' title="bbox 54 1675 762 1733; baseline 0.001 -15"><span class='ocrx_word' id='word_1_155' title='bbox 54 1682 139 1719; x_wconf 75' lang='lat' dir='ltr'>verrmt.</span> <span class='ocrx_word' id='word_1_156' title='bbox 154 1675 239 1719; x_wconf 82' lang='lat' dir='ltr'>Scimus</span> <span class='ocrx_word' id='word_1_157' title='bbox 253 1675 342 1718; x_wconf 87' lang='lat' dir='ltr'>aliunde</span> <span class='ocrx_word' id='word_1_158' title='bbox 356 1682 378 1718; x_wconf 89' lang='lat' dir='ltr'>et</span> <span class='ocrx_word' id='word_1_159' title='bbox 388 1675 436 1732; x_wconf 85' lang='lat' dir='ltr'>jam</span> <span class='ocrx_word' id='word_1_160' title='bbox 450 1675 545 1718; x_wconf 76' lang='lat' dir='ltr'>diximus</span> <span class='ocrx_word' id='word_1_161' title='bbox 555 1675 679 1719; x_wconf 88' lang='lat' dir='ltr'>Palladium</span> <span class='ocrx_word' id='word_1_162' title='bbox 692 1691 762 1733; x_wconf 87' lang='lat' dir='ltr'>usque</span> 
     </span>
     <span class='ocr_line' id='line_1_21' title="bbox 55 1745 762 1804; baseline 0.003 -16"><span class='ocrx_word' id='word_1_163' title='bbox 55 1746 83 1788; x_wconf 88' lang='lat' dir='ltr'>ad</span> <span class='ocrx_word' id='word_1_164' title='bbox 93 1745 190 1804; x_wconf 74' lang='lat' dir='ltr'>Syenem</span> <span class='ocrx_word' id='word_1_165' title='bbox 198 1746 321 1803; x_wconf 82' lang='lat' dir='ltr'>AEgyptum</span> <span class='ocrx_word' id='word_1_166' title='bbox 330 1747 489 1803; x_wconf 82' lang='lat' dir='ltr'>peragravisse.</span> <span class='ocrx_word' id='word_1_167' title='bbox 500 1746 538 1789; x_wconf 89' lang='lat' dir='ltr'>An</span> <span class='ocrx_word' id='word_1_168' title='bbox 547 1761 601 1789; x_wconf 84' lang='lat' dir='ltr'>vero</span> <span class='ocrx_word' id='word_1_169' title='bbox 612 1747 705 1790; x_wconf 88' lang='lat' dir='ltr'>Rufinus</span> <span class='ocrx_word' id='word_1_170' title='bbox 715 1754 762 1790; x_wconf 90' lang='lat' dir='ltr'>tum</span> 
     </span>
     <span class='ocr_line' id='line_1_22' title="bbox 54 1815 761 1873; baseline 0.003 -15"><span class='ocrx_word' id='word_1_171' title='bbox 54 1816 130 1858; x_wconf 85' lang='lat' dir='ltr'>Nitriae</span> <span class='ocrx_word' id='word_1_172' title='bbox 143 1822 228 1873; x_wconf 89' lang='lat' dir='ltr'>tempus</span> <span class='ocrx_word' id='word_1_173' title='bbox 243 1817 312 1872; x_wconf 83' lang='lat' dir='ltr'>egerit</span> <span class='ocrx_word' id='word_1_174' title='bbox 325 1830 393 1872; x_wconf 92' lang='lat' dir='ltr'>quum</span> <span class='ocrx_word' id='word_1_175' title='bbox 406 1815 517 1858; x_wconf 89' lang='lat' dir='ltr'>Palladius</span> <span class='ocrx_word' id='word_1_176' title='bbox 530 1816 660 1873; x_wconf 84' lang='lat' dir='ltr'>Lycopolim</span> <span class='ocrx_word' id='word_1_177' title='bbox 677 1817 761 1872; x_wconf 81' lang='lat' dir='ltr'>adierit,</span> 
     </span>
     <span class='ocr_line' id='line_1_23' title="bbox 54 1885 762 1942; baseline 0.001 -15"><span class='ocrx_word' id='word_1_178' title='bbox 54 1885 113 1927; x_wconf 88' lang='lat' dir='ltr'>haud</span> <span class='ocrx_word' id='word_1_179' title='bbox 124 1885 212 1928; x_wconf 85' lang='lat' dir='ltr'>difficile</span> <span class='ocrx_word' id='word_1_180' title='bbox 222 1885 310 1942; x_wconf 89' lang='lat' dir='ltr'>quidem</span> <span class='ocrx_word' id='word_1_181' title='bbox 317 1885 409 1927; x_wconf 89' lang='lat' dir='ltr'>indicari</span> <span class='ocrx_word' id='word_1_182' title='bbox 417 1891 495 1941; x_wconf 84' lang='lat' dir='ltr'>potest,</span> <span class='ocrx_word' id='word_1_183' title='bbox 506 1901 559 1927; x_wconf 85' lang='lat' dir='ltr'>nam</span> <span class='ocrx_word' id='word_1_184' title='bbox 566 1886 613 1942; x_wconf 87' lang='lat' dir='ltr'>ipse</span> <span class='ocrx_word' id='word_1_185' title='bbox 621 1885 762 1942; x_wconf 87' lang='lat' dir='ltr'>Helenopolis</span> 
     </span>
     <span class='ocr_line' id='line_1_24' title="bbox 55 1954 762 2012; baseline 0.003 -15"><span class='ocrx_word' id='word_1_186' title='bbox 55 1956 169 2012; x_wconf 88' lang='lat' dir='ltr'>episcopus</span> <span class='ocrx_word' id='word_1_187' title='bbox 180 1970 203 1998; x_wconf 89' lang='lat' dir='ltr'>se</span> <span class='ocrx_word' id='word_1_188' title='bbox 213 1954 373 1997; x_wconf 81' lang='lat' dir='ltr'>Alexandriam</span> <span class='ocrx_word' id='word_1_189' title='bbox 383 1954 492 2012; x_wconf 87' lang='lat' dir='ltr'>appulisse</span> <span class='ocrx_word' id='word_1_190' title='bbox 500 1954 623 1998; x_wconf 85' lang='lat' dir='ltr'>Theodosio</span> <span class='ocrx_word' id='word_1_191' title='bbox 634 1970 714 2012; x_wconf 82' lang='lat' dir='ltr'>magno</span> <span class='ocrx_word' id='word_1_192' title='bbox 724 1957 762 1998; x_wconf 90' lang='lat' dir='ltr'>im-</span> 
     </span>
     <span class='ocr_line' id='line_1_25' title="bbox 54 2013 763 2081; baseline 0 -14"><span class='ocrx_word' id='word_1_193' title='bbox 54 2031 153 2080; x_wconf 85' lang='lat' dir='ltr'>peratore</span> <span class='ocrx_word' id='word_1_194' title='bbox 164 2013 245 2067; x_wconf 88' lang='lat' dir='ltr'>iterum</span> <span class='ocrx_word' id='word_1_195' title='bbox 262 2024 360 2079; x_wconf 80' lang='lat' dir='ltr'>consule,</span> <span class='ocrx_word' id='word_1_196' title='bbox 374 2024 398 2066; x_wconf 89' lang='lat' dir='ltr'>id</span> <span class='ocrx_word' id='word_1_197' title='bbox 412 2030 444 2067; x_wconf 87' lang='lat' dir='ltr'>est</span> <span class='ocrx_word' id='word_1_198' title='bbox 457 2039 513 2066; x_wconf 90' lang='lat' dir='ltr'>anno</span> <span class='ocrx_word' id='word_1_199' title='bbox 528 2023 609 2067; x_wconf 80' lang='lat' dir='ltr'>Christi</span> <span class='ocrx_word' id='word_1_200' title='bbox 622 2023 677 2080; x_wconf 76' lang='lat'>3883</span> <span class='ocrx_word' id='word_1_201' title='bbox 695 2039 763 2081; x_wconf 92' lang='lat' dir='ltr'>quum</span> 
     </span>
     <span class='ocr_line' id='line_1_26' title="bbox 55 2093 763 2152; baseline 0 -15"><span class='ocrx_word' id='word_1_202' title='bbox 55 2100 129 2137; x_wconf 85' lang='lat' dir='ltr'>autem</span> <span class='ocrx_word' id='word_1_203' title='bbox 135 2094 228 2137; x_wconf 85' lang='lat' dir='ltr'>Rufinus</span> <span class='ocrx_word' id='word_1_204' title='bbox 237 2094 361 2152; x_wconf 80' lang='lat' dir='ltr'>AEgyptum</span> <span class='ocrx_word' id='word_1_205' title='bbox 368 2109 412 2137; x_wconf 89' lang='lat' dir='ltr'>non</span> <span class='ocrx_word' id='word_1_206' title='bbox 419 2109 522 2137; x_wconf 81' lang='lat' dir='ltr'>reversus</span> <span class='ocrx_word' id='word_1_207' title='bbox 533 2096 560 2136; x_wconf 89' lang='lat' dir='ltr'>sit</span> <span class='ocrx_word' id='word_1_208' title='bbox 569 2100 686 2151; x_wconf 87' lang='lat' dir='ltr'>postquam</span> <span class='ocrx_word' id='word_1_209' title='bbox 690 2093 763 2137; x_wconf 75' lang='lat' dir='ltr'>Theo-</span> 
     </span>
     <span class='ocr_line' id='line_1_27' title="bbox 55 2163 763 2221; baseline 0 -15"><span class='ocrx_word' id='word_1_210' title='bbox 55 2163 108 2219; x_wconf 88' lang='lat' dir='ltr'>phili</span> <span class='ocrx_word' id='word_1_211' title='bbox 118 2164 294 2221; x_wconf 86' lang='lat' dir='ltr'>archiepiscopus</span> <span class='ocrx_word' id='word_1_212' title='bbox 305 2170 390 2206; x_wconf 88' lang='lat' dir='ltr'>creatus</span> <span class='ocrx_word' id='word_1_213' title='bbox 402 2170 440 2219; x_wconf 77' lang='lat' dir='ltr'>est,</span> <span class='ocrx_word' id='word_1_214' title='bbox 451 2164 475 2206; x_wconf 90' lang='lat' dir='ltr'>id</span> <span class='ocrx_word' id='word_1_215' title='bbox 483 2170 516 2207; x_wconf 87' lang='lat' dir='ltr'>est</span> <span class='ocrx_word' id='word_1_216' title='bbox 523 2179 580 2206; x_wconf 91' lang='lat' dir='ltr'>anno</span> <span class='ocrx_word' id='word_1_217' title='bbox 589 2163 639 2219; x_wconf 79' lang='lat'>385,</span> <span class='ocrx_word' id='word_1_218' title='bbox 651 2164 705 2206; x_wconf 76' lang='lat' dir='ltr'>diros</span> <span class='ocrx_word' id='word_1_219' title='bbox 713 2180 763 2206; x_wconf 89' lang='lat' dir='ltr'>auc-</span> 
     </span>
     <span class='ocr_line' id='line_1_28' title="bbox 55 2233 762 2290; baseline 0.001 -16"><span class='ocrx_word' id='word_1_220' title='bbox 55 2239 111 2276; x_wconf 90' lang='lat' dir='ltr'>tores</span> <span class='ocrx_word' id='word_1_221' title='bbox 120 2249 164 2276; x_wconf 89' lang='lat' dir='ltr'>una</span> <span class='ocrx_word' id='word_1_222' title='bbox 172 2233 279 2289; x_wconf 88' lang='lat' dir='ltr'>simulque</span> <span class='ocrx_word' id='word_1_223' title='bbox 287 2235 328 2276; x_wconf 89' lang='lat' dir='ltr'>iter</span> <span class='ocrx_word' id='word_1_224' title='bbox 337 2234 456 2290; x_wconf 77' lang='lat' dir='ltr'>aegyptium</span> <span class='ocrx_word' id='word_1_225' title='bbox 467 2234 575 2276; x_wconf 90' lang='lat' dir='ltr'>conficere</span> <span class='ocrx_word' id='word_1_226' title='bbox 585 2234 710 2289; x_wconf 81' lang='lat' dir='ltr'>nequivisse</span> <span class='ocrx_word' id='word_1_227' title='bbox 721 2234 762 2275; x_wconf 90' lang='lat' dir='ltr'>col-</span> 
     </span>
     <span class='ocr_line' id='line_1_29' title="bbox 55 2302 248 2359; baseline 0.01 -16"><span class='ocrx_word' id='word_1_228' title='bbox 55 2302 124 2359; x_wconf 82' lang='lat' dir='ltr'>ligere</span> <span class='ocrx_word' id='word_1_229' title='bbox 135 2302 248 2345; x_wconf 90' lang='lat' dir='ltr'>debemus.</span> 
     </span>
    </p>

    <p class='ocr_par' dir='ltr' id='par_1_4' title="bbox 56 2371 763 2568">
     <span class='ocr_line' id='line_1_30' title="bbox 86 2371 763 2428; baseline 0.001 -14"><span class='ocrx_word' id='word_1_230' title='bbox 86 2371 141 2425; x_wconf 77' lang='lat' dir='ltr'>Quae</span> <span class='ocrx_word' id='word_1_231' title='bbox 148 2374 219 2415; x_wconf 88' lang='lat' dir='ltr'>omnia</span> <span class='ocrx_word' id='word_1_232' title='bbox 224 2378 248 2415; x_wconf 86' lang='lat' dir='ltr'>ut</span> <span class='ocrx_word' id='word_1_233' title='bbox 256 2372 353 2415; x_wconf 82' lang='lat' dir='ltr'>breviter</span> <span class='ocrx_word' id='word_1_234' title='bbox 361 2371 494 2428; x_wconf 89' lang='lat' dir='ltr'>complectar</span> <span class='ocrx_word' id='word_1_235' title='bbox 501 2372 560 2415; x_wconf 87' lang='lat' dir='ltr'>nullo</span> <span class='ocrx_word' id='word_1_236' title='bbox 568 2372 632 2415; x_wconf 88' lang='lat' dir='ltr'>modo</span> <span class='ocrx_word' id='word_1_237' title='bbox 640 2373 664 2414; x_wconf 86' lang='lat' dir='ltr'>in</span> <span class='ocrx_word' id='word_1_238' title='bbox 672 2371 763 2415; x_wconf 88' lang='lat' dir='ltr'>dubium</span> 
     </span>
     <span class='ocr_line' id='line_1_31' title="bbox 56 2440 763 2499; baseline 0.003 -16"><span class='ocrx_word' id='word_1_239' title='bbox 56 2440 137 2484; x_wconf 86' lang='lat' dir='ltr'>adduci</span> <span class='ocrx_word' id='word_1_240' title='bbox 149 2447 221 2498; x_wconf 89' lang='lat' dir='ltr'>potest</span> <span class='ocrx_word' id='word_1_241' title='bbox 233 2442 337 2484; x_wconf 87' lang='lat' dir='ltr'>Rufinum</span> <span class='ocrx_word' id='word_1_242' title='bbox 350 2440 516 2498; x_wconf 88' lang='lat' dir='ltr'>Palladiumque</span> <span class='ocrx_word' id='word_1_243' title='bbox 529 2456 610 2498; x_wconf 76' lang='lat' dir='ltr'>reapse.</span> <span class='ocrx_word' id='word_1_244' title='bbox 620 2443 662 2484; x_wconf 90' lang='lat' dir='ltr'>iter</span> <span class='ocrx_word' id='word_1_245' title='bbox 676 2441 704 2485; x_wconf 89' lang='lat' dir='ltr'>de</span> <span class='ocrx_word' id='word_1_246' title='bbox 720 2457 763 2499; x_wconf 90' lang='lat' dir='ltr'>quo</span> 
     </span>
     <span class='ocr_line' id='line_1_32' title="bbox 56 2510 763 2568; baseline 0.006 -17"><span class='ocrx_word' id='word_1_247' title='bbox 56 2516 148 2568; x_wconf 86' lang='lat' dir='ltr'>uterque</span> <span class='ocrx_word' id='word_1_248' title='bbox 157 2511 252 2568; x_wconf 86' lang='lat' dir='ltr'>loquitur</span> <span class='ocrx_word' id='word_1_249' title='bbox 263 2512 392 2565; x_wconf 70' lang='lat' dir='ltr'>confecisse3</span> <span class='ocrx_word' id='word_1_250' title='bbox 409 2510 484 2553; x_wconf 85' lang='lat' dir='ltr'>verbis</span> <span class='ocrx_word' id='word_1_251' title='bbox 497 2512 572 2568; x_wconf 90' lang='lat' dir='ltr'>utique</span> <span class='ocrx_word' id='word_1_252' title='bbox 588 2512 652 2554; x_wconf 89' lang='lat' dir='ltr'>claris</span> <span class='ocrx_word' id='word_1_253' title='bbox 666 2517 763 2568; x_wconf 74' lang='lat' dir='ltr'>utrmtur,</span> 
     </span>
    </p>
   </div>
   <div class='ocr_carea' id='block_1_3' title="bbox 57 2604 764 2706">
    <p class='ocr_par' dir='ltr' id='par_1_5' title="bbox 57 2604 764 2706">
     <span class='ocr_line' id='line_1_33' title="bbox 88 2604 764 2649; baseline 0.004 -13"><span class='ocrx_word' id='word_1_254' title='bbox 88 2606 102 2637; x_wconf 84' lang='lat' dir='ltr'>l.</span> <span class='ocrx_word' id='word_1_255' title='bbox 115 2605 157 2638; x_wconf 84' lang='lat' dir='ltr'>Ruf.</span> <span class='ocrx_word' id='word_1_256' title='bbox 170 2605 217 2638; x_wconf 69' lang='lat' dir='ltr'>Hier.</span> <span class='ocrx_word' id='word_1_257' title='bbox 230 2605 273 2645; x_wconf 64' lang='lat' dir='ltr'>eccl„</span> <span class='ocrx_word' id='word_1_258' title='bbox 285 2604 317 2637; x_wconf 86' lang='lat' dir='ltr'>lib.</span> <span class='ocrx_word' id='word_1_259' title='bbox 330 2605 355 2646; x_wconf 89' lang='lat' dir='ltr'>II,</span> <span class='ocrx_word' id='word_1_260' title='bbox 368 2615 407 2648; x_wconf 88' lang='lat' dir='ltr'>cap.</span> <span class='ocrx_word' id='word_1_261' title='bbox 420 2605 451 2638; x_wconf 89' lang='lat' dir='ltr'>IV.</span> <span class='ocrx_word' id='word_1_262' title='bbox 465 2623 488 2629; x_wconf 82' lang='lat'><em>-</em></span> <span class='ocrx_word' id='word_1_263' title='bbox 501 2606 517 2638; x_wconf 80' lang='lat'>2,</span> <span class='ocrx_word' id='word_1_264' title='bbox 530 2605 573 2638; x_wconf 80' lang='lat' dir='ltr'>Ruf.</span> <span class='ocrx_word' id='word_1_265' title='bbox 586 2604 637 2649; x_wconf 77' lang='lat' dir='ltr'>Apol.</span> <span class='ocrx_word' id='word_1_266' title='bbox 649 2606 677 2647; x_wconf 81' lang='grc' dir='ltr'>Π,</span> <span class='ocrx_word' id='word_1_267' title='bbox 690 2607 764 2649; x_wconf 86' lang='lat' dir='ltr'>passim.</span> 
     </span>
     <span class='ocr_line' id='line_1_34' title="bbox 57 2662 281 2706; baseline -0.004 -10"><span class='ocrx_word' id='word_1_268' title='bbox 57 2662 173 2704; x_wconf 30' lang='lat' dir='ltr'>-3i1hid,</span> <span class='ocrx_word' id='word_1_269' title='bbox 187 2673 225 2706; x_wconf 85' lang='lat' dir='ltr'>cap.</span> <span class='ocrx_word' id='word_1_270' title='bbox 239 2664 281 2695; x_wconf 87' lang='lat' dir='ltr'>XII.</span> 
     </span>
    </p>
   </div>
   <div class='ocr_carea' id='block_1_4' title="bbox 0 0 915 3169">
    <p class='ocr_par' dir='ltr' id='par_1_6' title="bbox 0 0 915 3169">
     <span class='ocr_line' id='line_1_35' title="bbox 0 0 915 3169; baseline 0 0"><span class='ocrx_word' id='word_1_271' title='bbox 0 0 915 3169; x_wconf 95' lang='lat' dir='ltr'> </span> 
     </span>
    </p>
   </div>
  </div>
 </body>
</html>
