1818 3169
310 299 398 328 HISTORIA
407 300 513 342 nnusmcn„

83 396 138 439 Haec
143 394 204 452 apud
210 396 294 452 coptica
301 394 439 438 bibliotheca
447 397 553 438 vaticanae
561 395 690 452 fragmenta.
699 395 762 438 Pate·

54 467 86 509 bit
90 465 130 508 has
136 465 190 508 duas
197 464 224 508 dc
228 466 296 508 Pamo
301 465 531 509 narrationcsmultrun
537 467 593 509 inter
598 480 621 509 se
628 465 761 523 discrepare,

54 536 122 580 multa
129 535 189 593 apud
194 535 317 579 Palladium
326 535 403 595 (deesse
412 550 460 593 quae
467 538 490 579 in
497 536 625 593 fragmentis
634 537 723 594 copticis
731 537 762 579 in-

54 608 176 662 venirmtur,
183 612 248 664 atque
253 622 319 649 unam
327 606 354 650 de
359 606 461 650 Melaniae
467 606 523 650 dono
529 609 676 651 narrationem
683 606 761 650 iisdem

54 679 99 721 fere
107 677 181 720 verbis
190 677 249 735 apud
257 683 373 735 utrumque
383 677 466 721 referri.
479 677 534 731 Quae
543 677 693 720 dissimilitudo
701 677 761 720 unde

53 750 128 791 veniat
133 747 193 806 haud
198 747 263 790 facilc
269 747 405 791 discernitur.
411 748 467 791 Mihi
476 747 565 805 quidem
570 747 624 791 libet
633 747 706 791 dicere
712 747 761 790 Pal-

50 818 106 861 ladii
116 833 169 875 opus
180 818 208 861 ab
220 825 308 861 auctore
321 818 493 875 fragmentorum
507 819 658 861 vaticanorum
670 818 760 861 transla-

53 895 100 931 tum
111 904 167 944 esse,
182 888 222 931 sed
236 890 301 931 etiam
314 889 373 931 lumc
387 894 500 931 auctorem
510 888 551 930 alio
563 903 629 945 opere
638 903 703 930 usrnn
714 903 761 931 csse

54 974 96 1015 quo
102 960 148 1015 ipse
156 965 221 1002 antea
228 973 280 1001 usus
289 959 316 1001 sit
321 958 441 1000 Palladius.
450 958 509 1000 Huic
515 958 626 1000 sententia
635 957 702 1000 fidem
709 959 762 1001 facit

55 1028 113 1085 quod
121 1028 222 1085 quaedam
233 1027 326 1070 obscrna
337 1027 397 1084 apud
407 1027 530 1070 Palladiinn
541 1027 632 1070 clariora
642 1028 702 1084 apud
713 1044 761 1085 cop-

53 1100 121 1141 ticrnn
129 1104 185 1140 suut.
192 1098 302 1140 Praeterea
310 1097 529 1140 animadvertendum
537 1104 569 1140 cst
575 1097 634 1154 apud
639 1097 762 1140 Palladium

54 1183 189 1211 oeconomum
197 1169 267 1225 primo
275 1167 416 1210 Theodorum
424 1183 453 1210 cx
464 1167 595 1224 quibusdam
605 1167 717 1210 codicibus
725 1183 762 1210 nc-

36 1269 40 1273 -
53 1239 137 1294 minari,
146 1253 175 1280 ex
183 1237 230 1280 aliis
238 1253 290 1280 vero
300 1236 425 1294 Origenern,
434 1253 475 1280 nec
483 1237 547 1280 facile
557 1237 644 1280 videtur
652 1237 762 1281 intellectu

55 1307 161 1365 quomodo
166 1307 231 1365 hujus
238 1308 329 1351 nominis
335 1322 374 1364 pro
381 1307 422 1350 alio
429 1308 540 1365 usrupa-tio
548 1307 664 1362 acciderit,
676 1323 705 1350 cx
713 1323 761 1364 cop—

53 1380 100 1420 ticis
109 1384 182 1420 autem
190 1378 317 1433 fragmentis
323 1377 387 1420 facile
393 1377 525 1434 intelligitm,
533 1393 585 1419 nam
594 1377 643 1419 duze
651 1384 701 1420 srmt
708 1378 762 1434 ejus—

55 1448 104 1490 dem
109 1447 168 1490 modi
176 1449 317 1503 narrationes,
324 1446 392 1490 alt-era
399 1447 426 1490 de
432 1447 534 1502 Melania,
541 1447 609 1490 altera
618 1447 645 1490 de
650 1447 762 1490 Anatolio:

55 1533 146 1575 quarum
154 1519 176 1560 in
184 1519 255 1574 priore
262 1531 386 1560 oeconomus
393 1517 522 1560 Theodorus
528 1517 656 1574 appellatur,
665 1520 687 1560 in
693 1524 763 1574 poste-

54 1590 109 1631 riorc
115 1587 290 1645 Origenes3inde
298 1589 411 1630 nominum
419 1588 516 1630 confusio
522 1603 548 1630 ac
554 1589 698 1645 transpositio.
707 1588 763 1630 lndc

55 1660 119 1701 etiam
128 1658 231 1715 colligere
238 1658 307 1715 liquet
315 1660 361 1700 sive
369 1657 492 1700 Palladium
500 1673 566 1714 opera
575 1658 654 1715 quibus
661 1658 763 1701 utebatur

54 1731 76 1770 in
83 1729 153 1771 breve
163 1730 266 1785 coegisse,
279 1734 300 1770 et
307 1744 336 1770 ne
343 1729 455 1784 ingeniose
465 1727 560 1784 quidem,
572 1743 640 1784 qruim
647 1728 715 1771 multa
726 1728 763 1770 ad—

51 1799 128 1855 juncta
136 1799 247 1855 reliquerit
258 1812 306 1855 quae
317 1813 388 1840 mores
396 1797 553 1840 monachorum
561 1797 705 1853 illustrabant,
716 1799 763 1840 sive

54 1867 109 1910 illius
121 1883 174 1924 opus
185 1868 215 1910 ad
223 1882 263 1910 nos
274 1883 377 1910 mancum
388 1874 409 1909 et
419 1874 521 1909 truncum
530 1868 664 1923 pervenisse.
679 1866 715 1910 Sic
725 1869 763 1923 igi-

54 1943 89 1980 tur
96 1937 125 1980 ad
133 1953 173 1980 nos
182 1937 275 1980 Palladii
283 1952 336 1994 opus
345 1939 454 1994 integrum
462 1952 506 1979 non
514 1938 639 1993 pervenisse
650 1937 764 1979 fatendum

55 2014 93 2062 est,
104 2008 216 2064 multaque
228 2023 257 2050 cx
264 2014 362 2064 tempore
373 2014 411 2049 aut
421 2008 544 2049 scribarum
554 2008 661 2064 imperitia
671 2006 762 2064 perdita.

84 2076 129 2120 Sed
134 2084 158 2120 ut
164 2077 290 2119 Historiam
297 2077 422 2118 decimiacum
429 2078 452 2119 in
461 2077 593 2133 quibusdam
599 2077 698 2134 partibus
706 2083 764 2120 trun-

56 2153 126 2190 catam
135 2149 203 2190 fnisse
213 2147 273 2190 haud
283 2147 412 2192 incredibile
423 2155 461 2203 est,
472 2149 509 2202 ita,
520 2147 580 2190 illam
590 2154 678 2191 attotam
686 2163 734 2191 esse
741 2149 765 2190 in

56 2216 101 2259 aliis
118 2219 207 2260 constat.
230 2217 319 2259 Etenim
334 2232 346 2259 6
361 2219 434 2273 priore
449 2223 511 2274 parte
526 2217 627 2273 colligere
640 2217 691 2259 licet
706 2216 764 2259 hanc

56 2286 147 2329 Palladii
155 2289 225 2344 operis
234 2293 319 2344 partem
327 2287 480 2343 interpolatam
487 2287 561 2329 fuisse.
570 2286 699 2330 Alexandra
706 2288 764 2330 enim

55 2356 127 2414 virgo,
142 2356 169 2399 de
181 2372 224 2414 qua
235 2359 306 2414 agitur
317 2358 387 2413 capite
399 2358 479 2413 quinto,
491 2357 592 2399 Mclaniae
606 2356 634 2399 de
643 2358 695 2399 vitae
706 2358 764 2399 insti-

56 2431 100 2469 tuto
106 2426 417 2485 interrogantirespondet:‹<A
423 2442 487 2469 mane
493 2441 562 2484 usque
568 2426 597 2469 ad
603 2426 679 2470 horam
684 2442 765 2470 nonam

57 2509 99 2551 oro,
110 2512 150 2554 per
160 2498 236 2541 horam
244 2513 298 2541 nens
306 2498 384 2553 linum,
392 2498 480 2554 reliquis
489 2503 562 2539 autem
570 2497 628 2540 horis
636 2498 726 2540 revolvo
734 2500 765 2540 vi-

55 2571 100 2609 tam
111 2574 235 2611 sanctorum
242 2569 333 2611 Patumr
342 2574 363 2610 et
370 2567 549 2610 Patriarcharum
557 2575 579 2610 et
587 2570 706 2611 certamina
714 2568 765 2611 bea-

56 2640 126 2680 torum
140 2638 286 2696 apostolorum
300 2645 322 2681 et
334 2638 491 2696 prophetarum
505 2644 527 2682 et
539 2645 681 2697 martyrum.»
700 2637 765 2693 Quod
