1818 3169
284 307 373 336 nrsrourr
381 306 479 335 ilusmor.
489 321 492 326 -
723 297 735 337 7

30 405 224 468 peregrinationes,
240 418 303 446 suam
318 401 399 459 agendi
412 403 527 458 rationem,
543 403 595 445 mali
610 404 692 459 ingenii
708 402 738 445 ad

28 482 142 539 praecatura
152 474 312 516 sollicitationes
324 487 377 530 quas
389 473 519 515 tentationes
530 489 589 516 nune
600 479 687 529 vocant,
702 472 738 515 de-

31 547 114 600 scribit,
130 558 202 600 neque
217 543 254 586 illa
269 542 394 600 respuenda
407 543 460 585 mihi
474 558 522 586 esse
535 543 644 586 videntur.
661 542 698 586 Sic
713 548 738 585 ut

32 615 132 672 exempla
146 614 265 671 proferam,
285 628 308 656 se
324 612 484 657 Alexandriam
502 613 532 656 ad
546 615 672 657 monastiea
686 614 738 673 ritae

32 686 155 744 disciplinas
175 684 291 728 discendas
309 684 432 727 Theodosio
453 699 533 742 magno
551 686 630 727 iterum
649 674 738 728 consule

31 756 138 816 appulisse
149 760 230 811 narrat,
239 761 261 798 et
268 755 327 798 initio
336 756 445 798 severiore
454 755 567 812 disciplina
574 770 645 811 usrrm,
653 755 737 798 viribus

30 831 115 884 incepto
125 824 263 867 inferioribus
273 826 365 881 repertis
376 824 436 881 apud
447 824 565 882 quemdam
574 825 713 880 monachrurr,
724 840 738 867 a

30 895 136 942 monacho
150 896 266 938 secessisse
280 909 307 938 ac
319 900 364 937 tres
380 909 449 937 annos
463 897 487 937 in
499 893 642 937 Alexandriae
656 894 737 937 finibus

32 967 170 1021 confecisse3l
183 971 260 1022 postea
272 980 296 1008 se
308 965 403 1007 Nitriam
420 965 536 1008 contidisse
551 964 591 1007 ubi
605 980 645 1021 per
658 979 739 1008 novem

31 1052 105 1092 annos,
116 1037 158 1079 nisi
166 1036 222 1079 forte
229 1037 253 1079 in
261 1034 348 1081 codices
356 1035 437 1078 menda
446 1036 539 1093 irrepsit,
552 1041 696 1078 commoratus
707 1049 738 1077 es-

32 1111 84 1152 set²
100 1105 145 1149 Sed
158 1106 282 1149 Palladium
297 1105 336 1148 hos
350 1120 431 1148 novem
445 1120 514 1148 annos
529 1105 605 1147 Nitriae
620 1111 676 1148 totos
690 1119 739 1148 eon-

32 1178 148 1236 srunpsisse
157 1192 201 1220 non
209 1178 260 1219 satis
269 1182 362 1231 constat3
374 1192 426 1218 narn
437 1178 569 1233 quicumque
580 1191 646 1232 opera
655 1176 739 1233 coptiea

31 1249 114 1305 legerit,
125 1261 224 1304 persaepe
234 1245 354 1289 monachos
364 1245 432 1289 alium
442 1246 494 1289 alios
504 1246 606 1288 visitasse
617 1252 645 1301 et,
659 1245 739 1288 nullius

32 1334 79 1362 esse
91 1318 155 1375 pretii
168 1323 254 1374 tempus
268 1317 427 1372 existimantes,
443 1315 504 1359 haud
517 1332 567 1359 raro
582 1316 649 1373 longa
662 1317 740 1359 itinera

32 1389 110 1432 obiisse
118 1393 272 1445 extremasque
278 1387 371 1444 AEgypti
380 1402 434 1443 oras,
444 1388 490 1430 sive
499 1385 618 1442 Orientem,
625 1388 671 1429 sive
678 1385 740 1429 Occi-

33 1459 120 1502 dentem
133 1464 199 1515 atque
213 1459 279 1501 etiam
288 1456 405 1500 Meridiem
414 1472 492 1500 versus
506 1458 610 1513 attigisse,
624 1472 668 1500 non
681 1458 740 1513 igno-

31 1529 93 1572 rabit.
109 1528 139 1571 Et
152 1527 263 1571 Palladius
276 1529 299 1571 in
308 1529 413 1584 prooemio
423 1542 502 1585 reapse
514 1542 537 1570 se
548 1525 646 1584 Syenem
660 1526 740 1570 adiisse

32 1614 70 1642 nos
83 1604 157 1642 monet
167 1604 233 1655 atque
245 1599 345 1655 inopere
358 1599 405 1654 ipso
416 1597 558 1655 Scythiacam
570 1598 683 1654 regionem
692 1612 740 1655 per-

33 1674 102 1727 agrat,
114 1674 135 1711 et
144 1668 276 1726 Lycopolim
285 1667 457 1725 Panopolimque
468 1667 572 1711 ascendit.

62 1739 148 1792 Quibus
160 1754 189 1781 ex
197 1738 267 1794 dictis,
277 1738 393 1781 duodecim
403 1754 472 1781 annos
480 1740 503 1781 in
510 1739 609 1795 AEgypto
617 1737 740 1780 Palladium

33 1811 158 1865 confecisse,
168 1809 239 1852 donec
247 1826 276 1852 ex
284 1809 395 1852 stomacho
403 1809 506 1852 laborans
514 1809 639 1866 AEgyptmn
648 1809 740 1866 relique-
804 1829 807 1832 ⁴

33 1882 66 1936 rit,
82 1879 192 1923 docemm.
203 1880 268 1922 Tunc
279 1878 419 1922 Palaestinam
431 1880 558 1937 peragravit
568 1878 740 1936 Bithyniamque

33 1952 145 2008 ingressus
157 1951 271 2008 episcopus
283 1949 365 1993 electus
377 1956 507 2007 creatusque
522 1955 560 1992 est.
577 1948 601 1992 Si
613 1964 666 1992 vero
680 1955 740 1992 recte

33 2019 144 2063 Palladius
158 2021 244 2076 scripsit
257 2035 281 2063 se
294 2021 317 2062 in
327 2020 426 2077 AEgypto
442 2019 559 2062 duodecim
572 2034 640 2062 annos
651 2021 740 2075 vixisse,

33 2090 85 2147 quid
101 2090 129 2133 de
145 2090 202 2133 illius
215 2091 239 2133 in
252 2090 483 2148 constantinopolitano
500 2089 600 2146 concilio,
616 2105 673 2133 anno
689 2089 740 2145 400,

33 2161 191 2218 subscriptione
200 2160 228 2204 ab
236 2162 283 2218 ipso
291 2160 350 2203 facta
361 2161 496 2203 eensendrrm
504 2175 549 2203 non
556 2167 653 2217 apparet.
660 2163 668 2189 ³
675 2161 741 2217 Equi-

34 2229 84 2273 dem
96 2231 166 2273 fateor
180 2247 209 2274 ex
219 2231 262 2273 hac
275 2232 405 2287 scriptorum
417 2231 563 2288 discrepantia
577 2246 681 2287 magnam
691 2232 742 2273 oriri

34 2299 189 2357 difficultatem,
200 2316 242 2344 nee
252 2300 312 2344 rmde
323 2301 420 2344 solvatur
430 2301 494 2345 facile
502 2302 601 2344 inveniri.
610 2301 654 2344 Hic
663 2300 742 2343 dixerit

34 2372 81 2426 quis
92 2370 215 2414 Palladium
229 2386 254 2414 eo
267 2371 315 2414 loco
330 2386 372 2428 quo
386 2387 410 2415 se
423 2387 504 2415 novem
517 2386 585 2414 annos
595 2371 672 2415 Nitria
686 2387 742 2414 com-

34 2490 66 2520 aur
74 2487 131 2521 aliurn
141 2500 145 2521 :
154 2489 177 2522 de
186 2490 259 2523 Haterio
268 2490 351 2530 taratara,
360 2500 398 2523 non
407 2490 429 2523 de
438 2489 518 2523 Palladii
529 2490 569 2523 vita
577 2490 687 2524 disserturus
696 2501 742 2524 sum.

34 2564 56 2569 -
66 2548 81 2580 1.
90 2546 137 2582 Har.
149 2548 199 2589 lara,
211 2549 309 2582 1—1V.-
317 2548 366 2582 Edit.
379 2549 448 2593 illigari,
463 2549 529 2583 Patr-ol.
540 2560 592 2593 praec.
604 2553 648 2583 tom.
657 2550 742 2592 XXXIX,

33 2605 64 2638 vel
76 2606 143 2640 Patr-ol.
155 2609 184 2641 lat.
197 2609 285 2652 LXXIII3
297 2608 351 2641 nulla
363 2608 400 2642 alia
411 2609 457 2642 milri
467 2610 549 2643 occurrit
562 2609 624 2643 editio.
634 2629 657 2633 —
666 2612 682 2643 2.
695 2610 742 2643 raa

34 2662 77 2698 lara,
89 2666 133 2699 XIX
146 2670 165 2700 et
177 2668 217 2700 XX.
231 2687 254 2691 -
266 2670 282 2701 3.
295 2668 376 2709 Beronii,
389 2667 468 2702 Aruiates
480 2668 504 2702 ad
516 2678 559 2701 aun.
573 2670 615 2703 400.
