1818 3169
102 291 130 334 72
358 302 553 330 msronnnnusnor.

101 402 167 453 patet⁷
179 411 246 453 quum
256 412 269 438 a
279 395 376 438 Palladio
388 396 489 452 quaedam
497 397 539 438 sint
546 400 634 437 narrata
642 409 690 451 quae
697 409 741 436 non
749 393 808 451 apud

102 465 229 507 Historiam
237 465 393 506 atomiohotttm
401 465 546 506 inveniuntur.
556 463 621 506 (terte
625 463 758 520 jamdudum
764 463 808 506 Ru-

101 535 145 577 fino
155 534 203 576 haeo
213 534 302 576 historia
312 533 421 589 abnegata
431 533 510 589 fuerat,
521 547 547 575 ao
557 535 681 590 nuperrime
689 532 720 575 Dr
725 533 807 575 Lucius

103 620 155 663 opus
167 603 278 662 quoddam
288 604 348 662 rarius
359 605 464 662 seriptum
474 603 504 648 ad
515 603 642 647 Historiam
653 603 776 647 tansiacum
787 610 809 647 et

102 676 131 719 ad
141 675 268 718 Historiam
277 677 433 718 aomanorum
443 675 583 719 soribendam
590 677 707 720 inservisse
715 677 807 732 eensuit3

102 747 141 790 sed
146 746 199 790 iilud
205 762 259 804 opus
265 761 337 805 graeoe
343 748 449 804 seriptirm
455 748 545 804 pertavit.
553 747 590 789 Ex
596 746 629 789 hr's
635 752 708 790 autem
714 761 762 804 quae
768 746 808 789 dis-

102 819 159 859 serui
167 832 211 859 non
219 832 287 859 rmrun
294 822 379 859 tantum
387 831 440 872 opus
445 816 544 859 Palladio
552 817 669 858 inservisse
678 822 761 859 certam]
770 822 808 870 est,

102 886 142 928 sed
156 901 222 942 opera
234 886 302 929 muita
316 892 337 928 et
348 886 437 943 quidem
447 887 532 942 coptiea
542 900 635 942 quormn
644 900 713 928 rmmn
723 885 763 927 fait
772 885 809 927 ffle

101 957 225 998 notissimus
235 956 362 997 Parctdisus
376 956 532 996 azoaaatotam
545 957 568 997 in
582 955 658 998 Nitriae
674 956 808 1004 monasteriis

104 1030 212 1080 exaratus,
224 1031 245 1067 et
255 1025 315 1068 aliud
325 1025 365 1068 sub
374 1027 455 1067 itineris
464 1026 537 1081 speeie
546 1027 697 1082 oonsoriptum.
708 1024 809 1067 Tandem

104 1094 241 1152 expluribus
251 1094 304 1137 Iocis
315 1108 364 1153 quae
374 1096 448 1139 notari
456 1110 510 1152 opus
517 1094 610 1138 Palladii
617 1094 646 1138 ad
653 1110 692 1139 nos
700 1096 809 1153 integrum

102 1181 146 1210 non
155 1167 282 1224 pervenisse
294 1166 446 1224 demonstravi,
458 1172 486 1224 et7
497 1168 515 1210 si
522 1166 578 1210 fides
585 1167 650 1225 hujus
658 1166 752 1210 historiae
761 1182 809 1224 eop-

102 1239 150 1281 tieis
163 1237 289 1296 fragmentis
303 1237 331 1281 de
341 1238 410 1281 ramo
424 1243 445 1280 et
454 1238 550 1295 Evagrio
564 1238 696 1295 adhihenda,
709 1237 777 1281 multa
786 1239 810 1281 in
861 1250 862 1253 ’

103 1323 174 1365 graeco
184 1314 247 1351 textu
257 1310 352 1365 periisse.
366 1308 420 1361 Quae
432 1323 499 1365 quum
509 1310 539 1350 ita
549 1310 591 1351 sint
600 1308 703 1350 faeissime
715 1308 809 1350 doetissi-

102 1393 151 1421 mus
162 1379 253 1434 qtrisque
265 1379 302 1435 qui
315 1378 472 1420 monachorum
484 1379 628 1435 aegyptiorum
640 1377 752 1420 historiam
761 1393 809 1420 nar-

102 1447 196 1489 randam
207 1448 315 1503 suscipiet,
327 1461 428 1503 qrraenam
438 1448 465 1488 sit
475 1446 584 1488 Historiae
596 1446 702 1487 tctatsiaoae
713 1446 742 1488 ad
751 1446 809 1488 hanc

102 1516 213 1558 historiam
224 1515 363 1558 scribendam
373 1516 452 1558 utilitas
459 1515 574 1572 judicabit.
585 1515 612 1557 In
621 1516 655 1557 his
666 1530 715 1572 qtrae
725 1515 754 1558 ad
761 1515 809 1558 Pal·
822 1507 824 1510 ⁵

102 1585 183 1627 dathum
197 1584 234 1627 vei
247 1585 276 1627 ad
285 1584 377 1627 Palladii
390 1586 471 1627 amoos
488 1584 697 1642 contubernalesque
710 1590 810 1642 spedant

102 1655 195 1699 multum
204 1655 263 1698 vaiet
275 1654 323 1698 haee
336 1655 434 1713 historia3
450 1656 473 1699 iu
482 1654 516 1698 his
526 1670 578 1699 vero
590 1670 639 1713 quae
650 1671 679 1699 err
688 1655 749 1700 tibris
760 1672 808 1715 eop-
848 1686 852 1692 -

102 1728 149 1770 tieis
162 1728 234 1771 hausit
246 1734 328 1784 auctor,
341 1727 398 1771 ithus
411 1728 505 1771 narratio
516 1726 635 1785 prudenter
645 1728 759 1785 pensanda
770 1719 809 1785 est,

103 1814 170 1855 qrrum
177 1813 212 1840 res
221 1798 327 1840 lirnnanas
336 1798 418 1841 ooelesti
424 1798 519 1855 quodam
524 1799 604 1841 vestitu
612 1800 736 1841 ornaverint
744 1800 809 1856 serip-

101 1874 159 1911 tores
173 1869 251 1926 eoptioi
264 1868 368 1926 multique
382 1870 438 1912 inter
452 1868 539 1911 illorum
551 1868 617 1911 libros
629 1884 658 1911 ex
667 1870 754 1926 ingenio
764 1874 809 1912 tan-

102 1939 213 1982 tummodo
224 1939 253 1981 ad
263 1940 370 1981 mirabilia
380 1939 510 1995 fabulasque
519 1953 634 1995 propenso,
644 1940 710 1995 pauci
719 1954 772 1982 vero
781 1954 810 1981 ex

102 2023 177 2050 rerum
187 2023 240 2050 sana
251 2010 372 2064 cognitione
383 2010 426 2050 sint
436 2007 535 2050 oonfeoti.
