1818 3169
128 325 129 329 =
170 299 198 341 12
424 310 512 338 msronn
521 310 618 338 nnusnon.

168 406 233 462 ladio,
242 407 265 448 in
271 406 348 449 Ninia
355 413 428 448 monte
438 421 466 448 ex
474 406 553 448 Rufino
562 407 708 463 cogrrosoitrrr3
718 411 794 447 neuter
803 411 876 447 autem

168 476 228 518 hune
238 476 378 519 Ammonirun
388 491 457 517 umnn
471 491 499 517 ex
512 476 581 518 tribus
591 476 674 531 Longis
688 474 722 532 (ut
733 474 820 531 dieitur)
834 475 875 516 fra-

168 546 238 588 tribus
248 546 314 588 fuisse
326 545 383 587 dicit.
392 545 494 601 Uterque
506 561 560 587 vero
575 545 602 587 de
615 546 682 587 fratre
693 546 730 601 qui
743 544 815 601 «apud
826 559 876 586 eum

169 616 249 657 salvari
258 615 347 657 volens»
360 621 460 669 venerat,
476 616 620 669 consentirurt,
637 613 677 656 sed
693 614 771 657 eadem
785 619 830 656 tam
846 613 876 671 111

168 698 232 726 verso
243 683 307 726 modo
318 690 440 738 narrantia,
454 690 479 725 ut
489 683 517 725 de
528 683 614 725 duobus
624 683 745 725 Ammoniis
758 683 818 739 apud
828 683 876 725 Pal-

168 753 251 795 1611111111
266 754 390 795 inveniatur
404 752 463 810 quod
479 753 507 795 de
521 769 565 795 uno
580 759 655 795 narrat
669 753 769 795 Rufinus,
785 753 877 810 Evagrii
900 764 901 768 ’

108 850 110 852 »
169 823 255 865 chacun
264 825 339 879 vitam,
350 824 503 866 abstinentiam
512 823 613 880 illiusque
621 839 634 865 a
641 823 706 866 beato
714 823 810 865 biccario
818 824 876 865 insti-

168 896 274 938 tutionem
286 894 383 938 breviter
396 901 471 938 narrat
481 895 579 951 Rufinus,
593 895 642 938 fuse
652 910 704 938 vero
717 894 828 938 Palladius
840 896 877 953 qni

169 967 260 1025 Evagrii
276 968 316 1010 fuit
332 967 457 1024 discipulus.
474 968 510 1010 De
523 966 641 1023 1111111616,
657 968 727 1024 primo
743 967 819 1010 Nitriae
832 981 876 1009 mo-

169 1038 247 1093 nacho
260 1044 285 1081 ut
294 1039 362 1081 refert
371 1039 470 1094 Rufinus
483 1044 576 1095 uterque
587 1040 678 1095 scriptor
692 1037 770 1081 eadem
779 1039 877 1081 narrauit

169 1109 280 1164 miracula,
294 1108 334 1151 sed
345 1115 447 1165 quartum
457 1109 586 1151 miraouhnn
599 1108 661 1151 addit
674 1108 784 1151 Palladius
798 1108 876 1165 «quod,

169 1180 244 1236 inquit7
259 1180 356 1221 narrarit
369 1179 447 1222 locatus
460 1178 593 1222 Athanasius
607 1178 749 1222 Adexandrire
763 1181 877 1236 episeopus

169 1251 191 1291 in
199 1251 244 1291 vita
252 1249 341 1291 Antonii
347 1266 365 1303 »ς
377 1250 417 1291 sed
425 1265 438 1290 a
446 1250 543 1291 Palladio
552 1250 621 1291 relata
628 1264 705 1291 rursus
713 1250 818 1305 ampliora
828 1256 878 1291 srmt

170 1334 235 1375 quam
249 1319 285 1360 illa
299 1333 347 1375 quae
357 1319 430 1361 retulit
440 1320 539 1361 Rufinus.
554 1318 623 1361 Simili
636 1318 700 1361 modo
712 1319 740 1360 de
750 1319 818 1360 Paulo
829 1320 877 1360 sim-

169 1388 226 1444 plice
236 1390 277 1430 tria
287 1389 335 1430 fuse
346 1395 420 1430 narrat
428 1388 538 1430 Palladius
550 1404 579 1431 ex
585 1388 664 1445 quibus
676 1388 718 1430 duo
726 1394 812 1430 tantum
819 1388 879 1444 apud

169 1458 274 1500 Rufinum
284 1458 430 1512 invenirmtur,
442 1457 482 1499 sed
491 1448 606 1500 breuiora:
618 1457 660 1499 alia
670 1472 723 1499 vero
733 1463 809 1499 narrat
819 1459 877 1514 aqui-

169 1528 256 1570 leiensis
262 1527 379 1584 presbyter
385 1542 433 1584 quae
440 1529 509 1570 omisit
514 1528 625 1570 Palladius
633 1529 798 1584 praesertimque
804 1542 878 1584 quam-

171 1597 222 1640 dam
232 1597 295 1640 Pauli
306 1599 469 1655 responsionem
479 1597 538 1640 unde
549 1603 640 1655 appmrot
651 1613 690 1641 cur
700 1597 736 1641 1116
747 1599 774 1641 sit
783 1598 878 1656 sinrplooe

172 1670 342 1728 cognominatus.

201 1740 246 1784 Sed
258 1756 383 1799 quanquam
392 1758 420 1784 ox
429 1741 461 1784 his
470 1741 536 1789 robus
544 1742 619 1784 Rufini
629 1756 694 1798 opere
705 1757 749 1784 non
759 1757 823 1785 usunr
831 1757 879 1785 esse

171 1811 293 1855 Palladirnn
307 1812 438 1855 concludere
452 1828 495 1855 non
510 1812 594 1869 dubito,
608 1819 704 1855 attamen
718 1815 879 1870 comparatione

172 1899 247 1926 earum
261 1899 336 1926 rerum
349 1884 407 1926 facta
423 1898 471 1941 quae
487 1883 547 1941 apud
562 1890 677 1941 utrumque
694 1883 722 1927 de
738 1883 823 1927 duobus
833 1885 879 1927 Ma-

173 1956 235 1997 cariis
246 1956 395 2011 inueniunt-in,
410 1956 479 2012 magis
491 1970 558 2012 quare
569 1956 599 1998 ita
612 1957 704 1998 sentiam
714 1956 737 1998 in
747 1962 821 2012 aperto
833 1956 879 1998 fore

172 2031 230 2081 puto.
245 2025 367 2067 Macarium
379 2026 510 2082 AEgyptium
526 2041 565 2068 seu
579 2027 687 2068 seniorem
700 2032 777 2068 neuter
791 2026 880 2082 quidem

172 2095 227 2137 vidit
237 2096 351 2151 omniaque
362 2112 376 2137 a
387 2094 471 2137 duobus
482 2095 622 2152 scriptoribus
632 2096 701 2137 reluta
711 2111 725 2137 a
734 2096 832 2152 patribus
842 2096 879 2138 Ni-

171 2167 218 2206 triae
226 2164 267 2206 fflis
275 2171 363 2206 narrata
370 2165 438 2206 fuero.
447 2165 540 2223 Brevior
549 2165 637 2221 quidem
646 2170 678 2206 est
685 2165 760 2206 Rufini
771 2164 879 2207 (16111161-

172 2235 203 2276 rio
214 2234 320 2291 AEgyptio
331 2236 435 2288 narratio3
449 2233 517 2276 fusior
527 2248 580 2276 uero
591 2233 692 2289 Palladii3
707 2233 746 2276 sed
759 2234 801 2276 hoc
811 2249 880 2276 unum

172 2310 256 2346 tantum
269 2304 398 2347 miracuhmr
411 2305 492 2361 liariter
505 2303 565 2361 apud
577 2310 693 2361 utrumque
705 2304 823 2359 invenitin,
834 2319 879 2346 mu-

172 2374 248 2418 licrom
266 2375 357 2433 magioae
376 2376 427 2418 artis
443 2375 465 2418 ui
480 2376 503 2418 in
518 2374 610 2418 formam
626 2375 728 2433 equinam
744 2390 878 2419 conversam.

173 2446 219 2490 Sed
232 2446 260 2490 de
276 2446 373 2491 Macario
389 2446 540 2491 riloxandrino
558 2463 597 2491 scu
609 2448 696 2506 juniore
713 2447 814 2506 quaedam
830 2454 880 2492 sunt

174 2518 233 2576 apud
240 2519 345 2562 Rufinum
353 2534 401 2577 quoe
409 2535 453 2563 non
461 2519 521 2577 apud
528 2519 651 2562 Palladium
662 2526 756 2575 narrata,
767 2521 823 2563 inter
831 2526 884 2577 quoe

174 2589 231 2632 banc
242 2589 364 2648 Scythiacae
377 2592 471 2648 regionis
483 2590 664 2648 descriptionem:
676 2591 760 2633 «Locus
775 2597 848 2638 autom
858 2592 881 2634 in

174 2675 216 2719 quo
227 2661 340 2704 habitabat
350 2662 396 2718 ipse
408 2668 495 2705 sanctus
505 2662 623 2718 Macarius
635 2661 741 2705 Scithium
751 2661 878 2719 appellatur.
