<?xml version="1.0" encoding="UTF-8"?>
<!DOCTYPE html PUBLIC "-//W3C//DTD XHTML 1.0 Transitional//EN"
    "http://www.w3.org/TR/xhtml1/DTD/xhtml1-transitional.dtd">
<html xmlns="http://www.w3.org/1999/xhtml" xml:lang="en" lang="en">
 <head>
  <title>
</title>
<meta http-equiv="Content-Type" content="text/html;charset=utf-8" />
  <meta name='ocr-system' content='tesseract 3.04.00' />
  <meta name='ocr-capabilities' content='ocr_page ocr_carea ocr_par ocr_line ocrx_word'/>
</head>
<body>
  <div class='ocr_page' id='page_1' title='image "MN41886ucmf_5_0066.png"; bbox 0 0 1818 3169; ppageno 0'>
   <div class='ocr_carea' id='block_1_1' title="bbox 148 278 598 321">
    <p class='ocr_par' dir='ltr' id='par_1_1' title="bbox 148 278 598 321">
     <span class='ocr_line' id='line_1_1' title="bbox 148 278 598 321; baseline -0.013 0"><span class='ocrx_word' id='word_1_1' title='bbox 148 278 177 321; x_wconf 79' lang='lat'>42</span> <span class='ocrx_word' id='word_1_2' title='bbox 404 289 492 317; x_wconf 82' lang='lat' dir='ltr'>nisronn</span> <span class='ocrx_word' id='word_1_3' title='bbox 502 288 598 317; x_wconf 71' lang='lat' dir='ltr'>onustior.</span> 
     </span>
    </p>
   </div>
   <div class='ocr_carea' id='block_1_2' title="bbox 138 380 906 790">
    <p class='ocr_par' dir='ltr' id='par_1_2' title="bbox 138 380 906 790">
     <span class='ocr_line' id='line_1_2' title="bbox 148 380 854 440; baseline -0.004 -14"><span class='ocrx_word' id='word_1_4' title='bbox 148 384 191 426; x_wconf 88' lang='lat' dir='ltr'>hoc</span> <span class='ocrx_word' id='word_1_5' title='bbox 201 398 255 440; x_wconf 86' lang='lat' dir='ltr'>opus</span> <span class='ocrx_word' id='word_1_6' title='bbox 263 383 353 438; x_wconf 81' lang='lat' dir='ltr'>Paiadii,</span> <span class='ocrx_word' id='word_1_7' title='bbox 365 399 416 425; x_wconf 82' lang='lat' dir='ltr'>narn</span> <span class='ocrx_word' id='word_1_8' title='bbox 426 383 494 426; x_wconf 82' lang='lat' dir='ltr'>multa</span> <span class='ocrx_word' id='word_1_9' title='bbox 504 398 533 425; x_wconf 83' lang='lat' dir='ltr'>ex</span> <span class='ocrx_word' id='word_1_10' title='bbox 545 384 632 440; x_wconf 83' lang='lat' dir='ltr'>copticis</span> <span class='ocrx_word' id='word_1_11' title='bbox 643 382 728 439; x_wconf 86' lang='lat' dir='ltr'>scriptis</span> <span class='ocrx_word' id='word_1_12' title='bbox 740 380 854 438; x_wconf 85' lang='lat' dir='ltr'>deperdita</span> 
     </span>
     <span class='ocr_line' id='line_1_3' title="bbox 150 453 854 509; baseline -0.006 -12"><span class='ocrx_word' id='word_1_13' title='bbox 150 453 301 497; x_wconf 83' lang='lat' dir='ltr'>desiderantm·</span> <span class='ocrx_word' id='word_1_14' title='bbox 311 467 359 509; x_wconf 78' lang='lat' dir='ltr'>quae</span> <span class='ocrx_word' id='word_1_15' title='bbox 370 453 430 509; x_wconf 89' lang='lat' dir='ltr'>apud</span> <span class='ocrx_word' id='word_1_16' title='bbox 440 453 563 496; x_wconf 80' lang='lat' dir='ltr'>Palladium</span> <span class='ocrx_word' id='word_1_17' title='bbox 573 454 722 507; x_wconf 85' lang='lat' dir='ltr'>inveniuntur,</span> <span class='ocrx_word' id='word_1_18' title='bbox 737 456 817 509; x_wconf 75' lang='lat' dir='ltr'>plector</span> <span class='ocrx_word' id='word_1_19' title='bbox 828 465 854 493; x_wconf 84' lang='lat' dir='ltr'>ea</span> 
     </span>
     <span class='ocr_line' id='line_1_4' title="bbox 149 514 793 580; baseline -0.003 -15"><span class='ocrx_word' id='word_1_20' title='bbox 149 538 198 580; x_wconf 69' lang='lat' dir='ltr'>quoe</span> <span class='ocrx_word' id='word_1_21' title='bbox 208 523 263 566; x_wconf 76' lang='lat' dir='ltr'>vidit</span> <span class='ocrx_word' id='word_1_22' title='bbox 273 523 373 579; x_wconf 84' lang='lat' dir='ltr'>solusque</span> <span class='ocrx_word' id='word_1_23' title='bbox 384 514 487 565; x_wconf 77' lang='lat' dir='ltr'>narravit.</span> <span class='ocrx_word' id='word_1_24' title='bbox 791 523 793 526; x_wconf 52' lang='lat'><em>⁴</em></span> 
     </span>
     <span class='ocr_line' id='line_1_5' title="bbox 177 584 855 649; baseline -0.004 -14"><span class='ocrx_word' id='word_1_25' title='bbox 177 584 242 636; x_wconf 83' lang='lat' dir='ltr'>Nunc</span> <span class='ocrx_word' id='word_1_26' title='bbox 253 593 351 649; x_wconf 84' lang='lat' dir='ltr'>AEgypto</span> <span class='ocrx_word' id='word_1_27' title='bbox 362 592 463 635; x_wconf 85' lang='lat' dir='ltr'>inferiore</span> <span class='ocrx_word' id='word_1_28' title='bbox 474 608 500 634; x_wconf 87' lang='lat' dir='ltr'>ae</span> <span class='ocrx_word' id='word_1_29' title='bbox 511 593 586 635; x_wconf 86' lang='lat' dir='ltr'>Nitriis</span> <span class='ocrx_word' id='word_1_30' title='bbox 599 592 708 635; x_wconf 88' lang='lat' dir='ltr'>montibus</span> <span class='ocrx_word' id='word_1_31' title='bbox 721 584 811 647; x_wconf 87' lang='lat' dir='ltr'>relictis,</span> <span class='ocrx_word' id='word_1_32' title='bbox 825 590 855 633; x_wconf 78' lang='lat' dir='ltr'>ed</span> 
     </span>
     <span class='ocr_line' id='line_1_6' title="bbox 149 660 906 717; baseline -0.004 -12"><span class='ocrx_word' id='word_1_33' title='bbox 149 662 278 705; x_wconf 77' lang='lat' dir='ltr'>Thebaiden</span> <span class='ocrx_word' id='word_1_34' title='bbox 290 669 443 705; x_wconf 66' lang='lat' dir='ltr'>Convertamur</span> <span class='ocrx_word' id='word_1_35' title='bbox 453 677 479 704; x_wconf 82' lang='lat' dir='ltr'>ae</span> <span class='ocrx_word' id='word_1_36' title='bbox 488 661 655 705; x_wconf 77' lang='lat' dir='ltr'>celeberrimum</span> <span class='ocrx_word' id='word_1_37' title='bbox 665 661 749 717; x_wconf 86' lang='lat' dir='ltr'>Nilum,</span> <span class='ocrx_word' id='word_1_38' title='bbox 760 660 854 704; x_wconf 79' lang='lat' dir='ltr'>adverso</span> <span class='ocrx_word' id='word_1_39' title='bbox 904 685 906 687; x_wconf 89' lang='lat'><em>-</em></span> 
     </span>
     <span class='ocr_line' id='line_1_7' title="bbox 138 731 853 790; baseline -0.001 -15"><span class='ocrx_word' id='word_1_40' title='bbox 138 732 236 775; x_wconf 76' lang='lat' dir='ltr'>&#39;flninine</span> <span class='ocrx_word' id='word_1_41' title='bbox 246 747 316 790; x_wconf 84' lang='lat' dir='ltr'>usque</span> <span class='ocrx_word' id='word_1_42' title='bbox 327 732 357 775; x_wconf 81' lang='lat' dir='ltr'>ad</span> <span class='ocrx_word' id='word_1_43' title='bbox 367 734 461 790; x_wconf 85' lang='lat' dir='ltr'>primam</span> <span class='ocrx_word' id='word_1_44' title='bbox 475 738 610 789; x_wconf 82' lang='lat' dir='ltr'>cataracten,</span> <span class='ocrx_word' id='word_1_45' title='bbox 625 731 706 790; x_wconf 82' lang='lat' dir='ltr'>cymba</span> <span class='ocrx_word' id='word_1_46' title='bbox 719 745 853 789; x_wconf 81' lang='lat' dir='ltr'>superemus</span> 
     </span>
    </p>
   </div>
   <div class='ocr_carea' id='block_1_3' title="bbox 432 885 570 937">
    <p class='ocr_par' dir='ltr' id='par_1_3' title="bbox 432 885 570 937">
     <span class='ocr_line' id='line_1_8' title="bbox 432 885 570 937; baseline -0.007 0"><span class='ocrx_word' id='word_1_47' title='bbox 432 885 520 937; x_wconf 70' lang='lat' dir='ltr'>Onror</span> <span class='ocrx_word' id='word_1_48' title='bbox 535 885 570 936; x_wconf 87' lang='grc' dir='ltr'>Π.</span> 
     </span>
    </p>
   </div>
   <div class='ocr_carea' id='block_1_4' title="bbox 148 979 854 1093">
    <p class='ocr_par' dir='ltr' id='par_1_4' title="bbox 148 979 854 1093">
     <span class='ocr_line' id='line_1_9' title="bbox 148 979 854 1038; baseline 0.001 -17"><span class='ocrx_word' id='word_1_49' title='bbox 148 980 182 1021; x_wconf 83' lang='lat' dir='ltr'>Dc</span> <span class='ocrx_word' id='word_1_50' title='bbox 195 979 299 1022; x_wconf 82' lang='lat' dir='ltr'>Poliodii</span> <span class='ocrx_word' id='word_1_51' title='bbox 313 980 386 1038; x_wconf 82' lang='lat' dir='ltr'>operis</span> <span class='ocrx_word' id='word_1_52' title='bbox 397 986 465 1038; x_wconf 81' lang='lat' dir='ltr'>porte</span> <span class='ocrx_word' id='word_1_53' title='bbox 479 994 527 1036; x_wconf 71' lang='lat' dir='ltr'>price</span> <span class='ocrx_word' id='word_1_54' title='bbox 540 979 570 1022; x_wconf 83' lang='lat' dir='ltr'>od</span> <span class='ocrx_word' id='word_1_55' title='bbox 584 980 705 1037; x_wconf 73' lang='lat' dir='ltr'>AEppptom</span> <span class='ocrx_word' id='word_1_56' title='bbox 718 979 854 1037; x_wconf 67' lang='lat' dir='ltr'>ripoariorum</span> 
     </span>
     <span class='ocr_line' id='line_1_10' title="bbox 456 1051 541 1093; baseline 0 -1"><span class='ocrx_word' id='word_1_57' title='bbox 456 1051 541 1093; x_wconf 79' lang='lat' dir='ltr'>attinet.</span> 
     </span>
    </p>
   </div>
   <div class='ocr_carea' id='block_1_5' title="bbox 124 1157 908 2691">
    <p class='ocr_par' dir='ltr' id='par_1_5' title="bbox 148 1157 908 1355">
     <span class='ocr_line' id='line_1_11' title="bbox 177 1157 908 1215; baseline -0.001 -15"><span class='ocrx_word' id='word_1_58' title='bbox 177 1157 232 1200; x_wconf 78' lang='lat' dir='ltr'>Haeo</span> <span class='ocrx_word' id='word_1_59' title='bbox 245 1172 296 1214; x_wconf 85' lang='lat' dir='ltr'>pars</span> <span class='ocrx_word' id='word_1_60' title='bbox 307 1157 400 1200; x_wconf 84' lang='lat' dir='ltr'>Palladii</span> <span class='ocrx_word' id='word_1_61' title='bbox 413 1159 484 1215; x_wconf 88' lang='lat' dir='ltr'>operis</span> <span class='ocrx_word' id='word_1_62' title='bbox 497 1158 604 1214; x_wconf 77' lang='lat' dir='ltr'>posterior</span> <span class='ocrx_word' id='word_1_63' title='bbox 613 1157 660 1200; x_wconf 82' lang='lat' dir='ltr'>fere</span> <span class='ocrx_word' id='word_1_64' title='bbox 670 1172 710 1215; x_wconf 86' lang='lat' dir='ltr'>per</span> <span class='ocrx_word' id='word_1_65' title='bbox 721 1157 794 1200; x_wconf 89' lang='lat' dir='ltr'>omnia</span> <span class='ocrx_word' id='word_1_66' title='bbox 804 1171 855 1199; x_wconf 87' lang='lat' dir='ltr'>enm</span> <span class='ocrx_word' id='word_1_67' title='bbox 906 1162 908 1164; x_wconf 75' lang='grc'><strong><em>’</em></strong></span> 
     </span>
     <span class='ocr_line' id='line_1_12' title="bbox 148 1226 854 1284; baseline 0 -16"><span class='ocrx_word' id='word_1_68' title='bbox 148 1226 254 1269; x_wconf 75' lang='lat' dir='ltr'>Historia</span> <span class='ocrx_word' id='word_1_69' title='bbox 264 1229 420 1269; x_wconf 69' lang='lat' dir='ltr'>itionockortun</span> <span class='ocrx_word' id='word_1_70' title='bbox 427 1244 440 1270; x_wconf 83' lang='lat' dir='ltr'>a</span> <span class='ocrx_word' id='word_1_71' title='bbox 447 1228 527 1270; x_wconf 82' lang='lat' dir='ltr'>Rufino</span> <span class='ocrx_word' id='word_1_72' title='bbox 538 1229 619 1284; x_wconf 89' lang='lat' dir='ltr'>scripta</span> <span class='ocrx_word' id='word_1_73' title='bbox 627 1226 656 1269; x_wconf 87' lang='lat' dir='ltr'>ad</span> <span class='ocrx_word' id='word_1_74' title='bbox 664 1226 758 1269; x_wconf 86' lang='lat' dir='ltr'>verbum</span> <span class='ocrx_word' id='word_1_75' title='bbox 766 1242 854 1269; x_wconf 87' lang='lat' dir='ltr'>consen-</span> 
     </span>
     <span class='ocr_line' id='line_1_13' title="bbox 148 1296 855 1355; baseline 0 -16"><span class='ocrx_word' id='word_1_76' title='bbox 148 1298 178 1339; x_wconf 87' lang='lat' dir='ltr'>tit.</span> <span class='ocrx_word' id='word_1_77' title='bbox 193 1297 219 1339; x_wconf 88' lang='lat' dir='ltr'>In</span> <span class='ocrx_word' id='word_1_78' title='bbox 233 1299 304 1354; x_wconf 88' lang='lat' dir='ltr'>priore</span> <span class='ocrx_word' id='word_1_79' title='bbox 319 1299 377 1340; x_wconf 88' lang='lat' dir='ltr'>enim</span> <span class='ocrx_word' id='word_1_80' title='bbox 389 1304 452 1354; x_wconf 65' lang='lat' dir='ltr'>pone</span> <span class='ocrx_word' id='word_1_81' title='bbox 466 1296 567 1355; x_wconf 75' lang='lat' dir='ltr'>qtrtedam</span> <span class='ocrx_word' id='word_1_82' title='bbox 580 1303 665 1340; x_wconf 89' lang='lat' dir='ltr'>tantum</span> <span class='ocrx_word' id='word_1_83' title='bbox 678 1297 706 1339; x_wconf 85' lang='lat' dir='ltr'>ab</span> <span class='ocrx_word' id='word_1_84' title='bbox 720 1303 821 1354; x_wconf 86' lang='lat' dir='ltr'>utroque,</span> <span class='ocrx_word' id='word_1_85' title='bbox 832 1298 855 1339; x_wconf 92' lang='lat' dir='ltr'>in</span> 
     </span>
    </p>

    <p class='ocr_par' dir='ltr' id='par_1_6' title="bbox 136 1367 855 1565">
     <span class='ocr_line' id='line_1_14' title="bbox 136 1367 855 1424; baseline 0 -15"><span class='ocrx_word' id='word_1_86' title='bbox 136 1368 266 1424; x_wconf 68' lang='lat' dir='ltr'>‘posteriore</span> <span class='ocrx_word' id='word_1_87' title='bbox 280 1373 353 1410; x_wconf 79' lang='lat' dir='ltr'>autem</span> <span class='ocrx_word' id='word_1_88' title='bbox 364 1370 436 1410; x_wconf 84' lang='lat' dir='ltr'>omnia</span> <span class='ocrx_word' id='word_1_89' title='bbox 447 1367 475 1410; x_wconf 89' lang='lat' dir='ltr'>de</span> <span class='ocrx_word' id='word_1_90' title='bbox 487 1367 565 1410; x_wconf 88' lang='lat' dir='ltr'>iisdem</span> <span class='ocrx_word' id='word_1_91' title='bbox 577 1367 689 1410; x_wconf 87' lang='lat' dir='ltr'>monachis</span> <span class='ocrx_word' id='word_1_92' title='bbox 704 1373 821 1410; x_wconf 87' lang='lat' dir='ltr'>narrantur</span> <span class='ocrx_word' id='word_1_93' title='bbox 837 1368 855 1409; x_wconf 88' lang='lat' dir='ltr'>si</span> 
     </span>
     <span class='ocr_line' id='line_1_15' title="bbox 148 1437 855 1495; baseline 0 -16"><span class='ocrx_word' id='word_1_94' title='bbox 148 1437 250 1494; x_wconf 80' lang='lat' dir='ltr'>quaedam</span> <span class='ocrx_word' id='word_1_95' title='bbox 260 1437 357 1480; x_wconf 63' lang='lat' dir='ltr'>Panemo</span> <span class='ocrx_word' id='word_1_96' title='bbox 368 1438 456 1495; x_wconf 87' lang='lat' dir='ltr'>propria</span> <span class='ocrx_word' id='word_1_97' title='bbox 465 1437 501 1481; x_wconf 86' lang='lat' dir='ltr'>vel</span> <span class='ocrx_word' id='word_1_98' title='bbox 512 1453 584 1495; x_wconf 84' lang='lat' dir='ltr'>pauca</span> <span class='ocrx_word' id='word_1_99' title='bbox 594 1437 622 1481; x_wconf 88' lang='lat' dir='ltr'>de</span> <span class='ocrx_word' id='word_1_100' title='bbox 632 1437 750 1480; x_wconf 82' lang='lat' dir='ltr'>Pachomio</span> <span class='ocrx_word' id='word_1_101' title='bbox 764 1437 855 1494; x_wconf 82' lang='lat' dir='ltr'>ejusque</span> 
     </span>
     <span class='ocr_line' id='line_1_16' title="bbox 149 1507 506 1565; baseline 0 -15"><span class='ocrx_word' id='word_1_102' title='bbox 149 1508 261 1550; x_wconf 86' lang='lat' dir='ltr'>coenobitis</span> <span class='ocrx_word' id='word_1_103' title='bbox 273 1508 394 1565; x_wconf 81' lang='lat' dir='ltr'><strong>dempseris</strong></span> <span class='ocrx_word' id='word_1_104' title='bbox 405 1507 506 1565; x_wconf 84' lang='lat' dir='ltr'>capitula.</span> 
     </span>
    </p>

    <p class='ocr_par' dir='ltr' id='par_1_7' title="bbox 144 1578 855 2199">
     <span class='ocr_line' id='line_1_17' title="bbox 176 1578 855 1635; baseline 0 -14"><span class='ocrx_word' id='word_1_105' title='bbox 176 1578 227 1635; x_wconf 82' lang='lat' dir='ltr'>Ipse</span> <span class='ocrx_word' id='word_1_106' title='bbox 241 1593 280 1621; x_wconf 91' lang='lat' dir='ltr'>nos</span> <span class='ocrx_word' id='word_1_107' title='bbox 295 1578 359 1621; x_wconf 84' lang='lat' dir='ltr'>docet</span> <span class='ocrx_word' id='word_1_108' title='bbox 371 1578 482 1621; x_wconf 83' lang='lat' dir='ltr'>Palladius</span> <span class='ocrx_word' id='word_1_109' title='bbox 497 1594 520 1622; x_wconf 87' lang='lat' dir='ltr'>se</span> <span class='ocrx_word' id='word_1_110' title='bbox 534 1578 654 1621; x_wconf 73' lang='lat' dir='ltr'>Thebaidis</span> <span class='ocrx_word' id='word_1_111' title='bbox 669 1579 780 1635; x_wconf 78' lang='lat' dir='ltr'>regionem</span> <span class='ocrx_word' id='word_1_112' title='bbox 793 1594 855 1635; x_wconf 90' lang='lat' dir='ltr'>pera-</span> 
     </span>
     <span class='ocr_line' id='line_1_18' title="bbox 147 1647 854 1706; baseline 0.001 -15"><span class='ocrx_word' id='word_1_113' title='bbox 147 1651 246 1705; x_wconf 80' lang='lat' dir='ltr'>gravisse</span> <span class='ocrx_word' id='word_1_114' title='bbox 260 1655 282 1691; x_wconf 88' lang='lat' dir='ltr'>ct</span> <span class='ocrx_word' id='word_1_115' title='bbox 295 1663 365 1706; x_wconf 87' lang='lat' dir='ltr'>usque</span> <span class='ocrx_word' id='word_1_116' title='bbox 381 1648 410 1691; x_wconf 88' lang='lat' dir='ltr'>ad</span> <span class='ocrx_word' id='word_1_117' title='bbox 424 1647 521 1706; x_wconf 81' lang='lat' dir='ltr'>Syenem</span> <span class='ocrx_word' id='word_1_118' title='bbox 530 1648 605 1691; x_wconf 85' lang='lat' dir='ltr'>Nilum</span> <span class='ocrx_word' id='word_1_119' title='bbox 618 1650 744 1705; x_wconf 67' lang='lat' dir='ltr'>navigasse,</span> <span class='ocrx_word' id='word_1_120' title='bbox 759 1655 854 1692; x_wconf 78' lang='lat' dir='ltr'>attamen</span> 
     </span>
     <span class='ocr_line' id='line_1_19' title="bbox 145 1718 854 1777; baseline 0.001 -16"><span class='ocrx_word' id='word_1_121' title='bbox 145 1734 217 1777; x_wconf 85' lang='lat' dir='ltr'>pauca</span> <span class='ocrx_word' id='word_1_122' title='bbox 231 1719 380 1762; x_wconf 82' lang='lat' dir='ltr'>tantummodo</span> <span class='ocrx_word' id='word_1_123' title='bbox 396 1718 423 1761; x_wconf 89' lang='lat' dir='ltr'>de</span> <span class='ocrx_word' id='word_1_124' title='bbox 437 1719 549 1761; x_wconf 86' lang='lat' dir='ltr'>monachis</span> <span class='ocrx_word' id='word_1_125' title='bbox 563 1720 600 1776; x_wconf 87' lang='lat' dir='ltr'>qui</span> <span class='ocrx_word' id='word_1_126' title='bbox 617 1720 674 1761; x_wconf 87' lang='lat' dir='ltr'>inter</span> <span class='ocrx_word' id='word_1_127' title='bbox 686 1719 816 1777; x_wconf 82' lang='lat' dir='ltr'>Lycopolim</span> <span class='ocrx_word' id='word_1_128' title='bbox 833 1726 854 1762; x_wconf 84' lang='lat' dir='ltr'>et</span> 
     </span>
     <span class='ocr_line' id='line_1_20' title="bbox 146 1789 855 1847; baseline 0.001 -15"><span class='ocrx_word' id='word_1_129' title='bbox 146 1789 244 1847; x_wconf 78' lang='lat' dir='ltr'>Syenem</span> <span class='ocrx_word' id='word_1_130' title='bbox 249 1791 317 1832; x_wconf 84' lang='lat' dir='ltr'>vitam</span> <span class='ocrx_word' id='word_1_131' title='bbox 327 1795 418 1846; x_wconf 82' lang='lat' dir='ltr'>egerunt</span> <span class='ocrx_word' id='word_1_132' title='bbox 426 1789 499 1844; x_wconf 79' lang='lat' dir='ltr'>refert,</span> <span class='ocrx_word' id='word_1_133' title='bbox 509 1790 608 1846; x_wconf 80' lang='lat' dir='ltr'>quamvis</span> <span class='ocrx_word' id='word_1_134' title='bbox 616 1789 664 1831; x_wconf 81' lang='lat' dir='ltr'>haec</span> <span class='ocrx_word' id='word_1_135' title='bbox 672 1791 732 1846; x_wconf 81' lang='lat' dir='ltr'>regio</span> <span class='ocrx_word' id='word_1_136' title='bbox 740 1789 855 1833; x_wconf 82' lang='lat' dir='ltr'>illiustem-</span> 
     </span>
     <span class='ocr_line' id='line_1_21' title="bbox 144 1860 854 1918; baseline 0 -15"><span class='ocrx_word' id='word_1_137' title='bbox 144 1860 234 1918; x_wconf 89' lang='lat' dir='ltr'>poribus</span> <span class='ocrx_word' id='word_1_138' title='bbox 247 1860 361 1903; x_wconf 84' lang='lat' dir='ltr'>monachis</span> <span class='ocrx_word' id='word_1_139' title='bbox 375 1860 441 1918; x_wconf 83' lang='lat' dir='ltr'>piene</span> <span class='ocrx_word' id='word_1_140' title='bbox 454 1860 500 1903; x_wconf 84' lang='lat' dir='ltr'>fnit.</span> <span class='ocrx_word' id='word_1_141' title='bbox 517 1860 596 1902; x_wconf 87' lang='lat' dir='ltr'>Paucis</span> <span class='ocrx_word' id='word_1_142' title='bbox 611 1861 668 1903; x_wconf 89' lang='lat' dir='ltr'>euim</span> <span class='ocrx_word' id='word_1_143' title='bbox 681 1860 748 1903; x_wconf 87' lang='lat' dir='ltr'>rebus</span> <span class='ocrx_word' id='word_1_144' title='bbox 763 1874 811 1918; x_wconf 83' lang='lat' dir='ltr'>quae</span> <span class='ocrx_word' id='word_1_145' title='bbox 827 1860 854 1903; x_wconf 89' lang='lat' dir='ltr'>de</span> 
     </span>
     <span class='ocr_line' id='line_1_22' title="bbox 146 1930 853 1988; baseline 0.001 -15"><span class='ocrx_word' id='word_1_146' title='bbox 146 1930 265 1974; x_wconf 87' lang='lat' dir='ltr'>Pachomio</span> <span class='ocrx_word' id='word_1_147' title='bbox 272 1931 429 1988; x_wconf 82' lang='lat' dir='ltr'>coenobitisque</span> <span class='ocrx_word' id='word_1_148' title='bbox 438 1932 523 1987; x_wconf 77' lang='lat' dir='ltr'>scripsit</span> <span class='ocrx_word' id='word_1_149' title='bbox 532 1932 622 1986; x_wconf 87' lang='lat' dir='ltr'>omissis,</span> <span class='ocrx_word' id='word_1_150' title='bbox 631 1930 683 1973; x_wconf 83' lang='lat' dir='ltr'>nihil</span> <span class='ocrx_word' id='word_1_151' title='bbox 692 1930 720 1974; x_wconf 88' lang='lat' dir='ltr'>de</span> <span class='ocrx_word' id='word_1_152' title='bbox 728 1931 853 1974; x_wconf 69' lang='lat' dir='ltr'>Thebanos</span> 
     </span>
     <span class='ocr_line' id='line_1_23' title="bbox 145 2000 854 2062; baseline 0 -18"><span class='ocrx_word' id='word_1_153' title='bbox 145 2003 233 2058; x_wconf 80' lang='lat' dir='ltr'>proprie</span> <span class='ocrx_word' id='word_1_154' title='bbox 247 2001 311 2043; x_wconf 71' lang='lat' dir='ltr'>dicte</span> <span class='ocrx_word' id='word_1_155' title='bbox 324 2001 436 2043; x_wconf 81' lang='lat' dir='ltr'>monachis</span> <span class='ocrx_word' id='word_1_156' title='bbox 450 2002 570 2057; x_wconf 81' lang='lat' dir='ltr'>invenitur,</span> <span class='ocrx_word' id='word_1_157' title='bbox 586 2002 633 2043; x_wconf 78' lang='lat' dir='ltr'>sine</span> <span class='ocrx_word' id='word_1_158' title='bbox 647 2000 793 2062; x_wconf 75' lang='lat' dir='ltr'>anachoretis,</span> <span class='ocrx_word' id='word_1_159' title='bbox 808 2002 854 2044; x_wconf 82' lang='lat' dir='ltr'>sive</span> 
     </span>
     <span class='ocr_line' id='line_1_24' title="bbox 146 2071 854 2129; baseline 0.001 -15"><span class='ocrx_word' id='word_1_160' title='bbox 146 2072 265 2115; x_wconf 79' lang='lat' dir='ltr'>coenobitis¹</span> <span class='ocrx_word' id='word_1_161' title='bbox 277 2072 398 2129; x_wconf 76' lang='lat' dir='ltr'>Hegionem</span> <span class='ocrx_word' id='word_1_162' title='bbox 406 2086 459 2125; x_wconf 81' lang='lat' dir='ltr'>vero</span> <span class='ocrx_word' id='word_1_163' title='bbox 468 2085 516 2128; x_wconf 63' lang='lat' dir='ltr'>qnae</span> <span class='ocrx_word' id='word_1_164' title='bbox 524 2087 538 2113; x_wconf 85' lang='lat' dir='ltr'>a</span> <span class='ocrx_word' id='word_1_165' title='bbox 546 2071 652 2128; x_wconf 82' lang='lat' dir='ltr'>Lycopoli</span> <span class='ocrx_word' id='word_1_166' title='bbox 660 2072 682 2113; x_wconf 88' lang='lat' dir='ltr'>in</span> <span class='ocrx_word' id='word_1_167' title='bbox 689 2071 785 2115; x_wconf 79' lang='lat' dir='ltr'>Nitrium</span> <span class='ocrx_word' id='word_1_168' title='bbox 795 2087 854 2115; x_wconf 88' lang='lat' dir='ltr'>mon-</span> 
     </span>
     <span class='ocr_line' id='line_1_25' title="bbox 145 2142 855 2199; baseline 0 -13"><span class='ocrx_word' id='word_1_169' title='bbox 145 2150 190 2186; x_wconf 87' lang='lat' dir='ltr'>tem</span> <span class='ocrx_word' id='word_1_170' title='bbox 206 2142 320 2186; x_wconf 89' lang='lat' dir='ltr'>descendit</span> <span class='ocrx_word' id='word_1_171' title='bbox 329 2144 425 2185; x_wconf 82' lang='lat' dir='ltr'>maxime</span> <span class='ocrx_word' id='word_1_172' title='bbox 437 2142 526 2199; x_wconf 85' lang='lat' dir='ltr'>quidem</span> <span class='ocrx_word' id='word_1_173' title='bbox 536 2148 558 2184; x_wconf 90' lang='lat' dir='ltr'>et</span> <span class='ocrx_word' id='word_1_174' title='bbox 568 2143 648 2199; x_wconf 87' lang='lat' dir='ltr'>optime</span> <span class='ocrx_word' id='word_1_175' title='bbox 660 2142 774 2198; x_wconf 79' lang='lat' dir='ltr'>describit,</span> <span class='ocrx_word' id='word_1_176' title='bbox 788 2157 855 2199; x_wconf 85' lang='lat' dir='ltr'>qnam</span> 
     </span>
    </p>

    <p class='ocr_par' dir='ltr' id='par_1_8' title="bbox 124 2211 854 2481">
     <span class='ocr_line' id='line_1_26' title="bbox 124 2211 854 2271; baseline -0.001 -16"><span class='ocrx_word' id='word_1_177' title='bbox 124 2224 127 2230; x_wconf 86' lang='lat'>&#39;</span> <span class='ocrx_word' id='word_1_178' title='bbox 146 2215 212 2255; x_wconf 84' lang='lat' dir='ltr'>etiam</span> <span class='ocrx_word' id='word_1_179' title='bbox 222 2213 360 2255; x_wconf 79' lang='lat' dir='ltr'>Thebaidem</span> <span class='ocrx_word' id='word_1_180' title='bbox 370 2218 436 2255; x_wconf 81' lang='lat' dir='ltr'>vocat</span> <span class='ocrx_word' id='word_1_181' title='bbox 445 2211 491 2267; x_wconf 81' lang='lat' dir='ltr'>ilie,</span> <span class='ocrx_word' id='word_1_182' title='bbox 506 2213 586 2255; x_wconf 85' lang='lat' dir='ltr'>rectius</span> <span class='ocrx_word' id='word_1_183' title='bbox 600 2227 653 2254; x_wconf 87' lang='lat' dir='ltr'>vero</span> <span class='ocrx_word' id='word_1_184' title='bbox 663 2212 760 2255; x_wconf 84' lang='lat' dir='ltr'>mediam</span> <span class='ocrx_word' id='word_1_185' title='bbox 769 2214 854 2271; x_wconf 77' lang='lat' dir='ltr'>AEgyp-</span> 
     </span>
     <span class='ocr_line' id='line_1_27' title="bbox 145 2282 853 2341; baseline 0.001 -16"><span class='ocrx_word' id='word_1_186' title='bbox 145 2290 192 2326; x_wconf 89' lang='lat' dir='ltr'>tum</span> <span class='ocrx_word' id='word_1_187' title='bbox 202 2285 315 2326; x_wconf 88' lang='lat' dir='ltr'>nominare</span> <span class='ocrx_word' id='word_1_188' title='bbox 327 2282 408 2325; x_wconf 77' lang='lat' dir='ltr'>debuit.</span> <span class='ocrx_word' id='word_1_189' title='bbox 419 2283 498 2340; x_wconf 84' lang='lat' dir='ltr'>Neque</span> <span class='ocrx_word' id='word_1_190' title='bbox 508 2289 582 2325; x_wconf 83' lang='lat' dir='ltr'>tamen</span> <span class='ocrx_word' id='word_1_191' title='bbox 592 2282 717 2325; x_wconf 88' lang='lat' dir='ltr'>mirandum</span> <span class='ocrx_word' id='word_1_192' title='bbox 728 2289 767 2339; x_wconf 85' lang='lat' dir='ltr'>est,</span> <span class='ocrx_word' id='word_1_193' title='bbox 779 2298 853 2341; x_wconf 87' lang='lat' dir='ltr'>quum,</span> 
     </span>
     <span class='ocr_line' id='line_1_28' title="bbox 145 2353 853 2411; baseline 0.001 -16"><span class='ocrx_word' id='word_1_194' title='bbox 145 2359 246 2410; x_wconf 85' lang='lat' dir='ltr'>utsupra</span> <span class='ocrx_word' id='word_1_195' title='bbox 257 2353 312 2409; x_wconf 78' lang='lat' dir='ltr'>dixi,</span> <span class='ocrx_word' id='word_1_196' title='bbox 326 2354 444 2410; x_wconf 86' lang='lat' dir='ltr'>saepissime</span> <span class='ocrx_word' id='word_1_197' title='bbox 455 2354 477 2395; x_wconf 90' lang='lat' dir='ltr'>in</span> <span class='ocrx_word' id='word_1_198' title='bbox 491 2353 545 2395; x_wconf 86' lang='lat' dir='ltr'>duas</span> <span class='ocrx_word' id='word_1_199' title='bbox 558 2358 642 2396; x_wconf 87' lang='lat' dir='ltr'>tantum</span> <span class='ocrx_word' id='word_1_200' title='bbox 655 2358 728 2410; x_wconf 81' lang='lat' dir='ltr'>partes</span> <span class='ocrx_word' id='word_1_201' title='bbox 742 2353 853 2411; x_wconf 75' lang='lat' dir='ltr'>AEgyptus</span> 
     </span>
     <span class='ocr_line' id='line_1_29' title="bbox 147 2423 744 2481; baseline 0.002 -16"><span class='ocrx_word' id='word_1_202' title='bbox 147 2423 246 2465; x_wconf 86' lang='lat' dir='ltr'>distribui</span> <span class='ocrx_word' id='word_1_203' title='bbox 257 2423 331 2479; x_wconf 85' lang='lat' dir='ltr'>soleat,</span> <span class='ocrx_word' id='word_1_204' title='bbox 342 2438 421 2481; x_wconf 87' lang='lat' dir='ltr'>nempe</span> <span class='ocrx_word' id='word_1_205' title='bbox 432 2423 556 2466; x_wconf 81' lang='lat' dir='ltr'>inferiorem</span> <span class='ocrx_word' id='word_1_206' title='bbox 567 2438 594 2466; x_wconf 86' lang='lat' dir='ltr'>ao</span> <span class='ocrx_word' id='word_1_207' title='bbox 604 2424 744 2480; x_wconf 87' lang='lat' dir='ltr'>superiorem.</span> 
     </span>
    </p>

    <p class='ocr_par' dir='ltr' id='par_1_9' title="bbox 145 2492 854 2691">
     <span class='ocr_line' id='line_1_30' title="bbox 177 2492 854 2551; baseline 0 -15"><span class='ocrx_word' id='word_1_208' title='bbox 177 2492 222 2536; x_wconf 78' lang='lat' dir='ltr'>Sed</span> <span class='ocrx_word' id='word_1_209' title='bbox 232 2494 255 2535; x_wconf 89' lang='lat' dir='ltr'>iu</span> <span class='ocrx_word' id='word_1_210' title='bbox 266 2493 358 2536; x_wconf 78' lang='lat' dir='ltr'>Palladii</span> <span class='ocrx_word' id='word_1_211' title='bbox 369 2493 476 2551; x_wconf 85' lang='lat' dir='ltr'>capitibus</span> <span class='ocrx_word' id='word_1_212' title='bbox 488 2493 604 2551; x_wconf 74' lang='lat' dir='ltr'>quaetione</span> <span class='ocrx_word' id='word_1_213' title='bbox 614 2495 756 2551; x_wconf 85' lang='lat' dir='ltr'>posteriorem</span> <span class='ocrx_word' id='word_1_214' title='bbox 769 2499 854 2551; x_wconf 86' lang='lat' dir='ltr'>partem</span> 
     </span>
     <span class='ocr_line' id='line_1_31' title="bbox 146 2563 854 2620; baseline 0.001 -15"><span class='ocrx_word' id='word_1_215' title='bbox 146 2563 253 2618; x_wconf 82' lang='lat' dir='ltr'>efficiunt,</span> <span class='ocrx_word' id='word_1_216' title='bbox 268 2564 364 2620; x_wconf 88' lang='lat' dir='ltr'>quinque</span> <span class='ocrx_word' id='word_1_217' title='bbox 375 2570 425 2606; x_wconf 88' lang='lat' dir='ltr'>sunt</span> <span class='ocrx_word' id='word_1_218' title='bbox 434 2569 519 2607; x_wconf 79' lang='lat' dir='ltr'>tantum</span> <span class='ocrx_word' id='word_1_219' title='bbox 530 2563 558 2606; x_wconf 91' lang='lat' dir='ltr'>de</span> <span class='ocrx_word' id='word_1_220' title='bbox 568 2563 680 2606; x_wconf 86' lang='lat' dir='ltr'>monachis</span> <span class='ocrx_word' id='word_1_221' title='bbox 692 2565 729 2620; x_wconf 87' lang='lat' dir='ltr'>qui</span> <span class='ocrx_word' id='word_1_222' title='bbox 741 2565 854 2620; x_wconf 84' lang='lat' dir='ltr'>regionem</span> 
     </span>
     <span class='ocr_line' id='line_1_32' title="bbox 145 2633 853 2691; baseline 0 -15"><span class='ocrx_word' id='word_1_223' title='bbox 145 2633 203 2677; x_wconf 85' lang='lat' dir='ltr'>ultra</span> <span class='ocrx_word' id='word_1_224' title='bbox 218 2633 348 2691; x_wconf 77' lang='lat' dir='ltr'>Lycopolim</span> <span class='ocrx_word' id='word_1_225' title='bbox 364 2633 474 2677; x_wconf 82' lang='lat' dir='ltr'>incoluere</span> <span class='ocrx_word' id='word_1_226' title='bbox 490 2635 573 2691; x_wconf 85' lang='lat' dir='ltr'>capita,</span> <span class='ocrx_word' id='word_1_227' title='bbox 591 2648 603 2675; x_wconf 89' lang='lat' dir='ltr'>e</span> <span class='ocrx_word' id='word_1_228' title='bbox 622 2633 701 2690; x_wconf 85' lang='lat' dir='ltr'>quibus</span> <span class='ocrx_word' id='word_1_229' title='bbox 717 2639 809 2691; x_wconf 86' lang='lat' dir='ltr'>quatuor</span> <span class='ocrx_word' id='word_1_230' title='bbox 825 2633 853 2676; x_wconf 90' lang='lat' dir='ltr'>de</span> 
     </span>
    </p>
   </div>
   <div class='ocr_carea' id='block_1_6' title="bbox 0 0 914 3169">
    <p class='ocr_par' dir='ltr' id='par_1_10' title="bbox 0 0 914 3169">
     <span class='ocr_line' id='line_1_33' title="bbox 0 0 914 3169; baseline 0 0"><span class='ocrx_word' id='word_1_231' title='bbox 0 0 914 3169; x_wconf 95' lang='lat' dir='ltr'> </span> 
     </span>
    </p>
   </div>
  </div>
 </body>
</html>
