1818 3169
284 326 479 357 msronmmusucr.
706 315 735 359 33

31 433 77 488 Ego
85 427 144 470 dixi:
152 426 200 467 vias
208 438 268 467 meas
277 422 397 466 custodiam
404 438 432 466 ne
440 423 515 480 lingua
522 438 571 466 mea
578 422 738 480 peccatumad-

31 491 146 553 mittamd»
163 501 185 538 et
198 509 266 551 quum
279 509 348 537 senex
361 495 433 550 priora
446 493 516 537 verba
529 493 661 551 protulisset,
675 493 736 537 illum

32 568 124 616 coercuit
132 565 207 609 dicens
214 581 219 608 :
226 565 271 608 «1111
280 570 348 622 pater,
359 565 401 608 nisi
410 566 504 622 primum
512 565 645 608 versiculum
656 564 746 608 didice-¹

32 645 77 698 rina
86 635 181 682 secundo
189 651 234 679 non
241 635 353 679 studebo.»
365 636 395 679 Et
405 650 473 693 quum
479 637 573 679 insuam
581 636 736 693 cellrdampro-

33 723 117 771 gressus
129 713 185 751 esset
194 722 236 764 apa
243 707 318 763 Pamo,
328 712 375 750 octo
387 709 520 764 consumpsit
530 722 598 750 annos
608 714 633 750 ut
642 707 737 751 verbinn

33 780 88 841 quod
100 778 206 822 didicerat
215 775 300 820 actibus
312 777 419 833 efficeret,
430 793 482 820 nam
491 778 601 821 neminem
609 777 693 834 adibat,
706 778 738 821 di-

34 867 83 896 cens
95 866 100 893 :
110 849 158 892 Nisi
168 849 228 906 prius
240 848 338 905 linguam
348 862 420 890 meam
432 847 562 904 domuerint,
573 848 657 892 nullum
669 848 737 892 homi-

33 938 82 966 nem
95 919 159 963 adibo
174 934 202 962 ne
215 918 270 961 forte
283 918 358 975 lingua
371 933 421 961 mea
435 918 519 961 cadam.
535 917 590 961 Octo
605 921 736 976 consumptis

34 993 93 1036 annis
104 989 133 1033 ad
144 1004 219 1032 senem
230 1004 259 1031 ex
270 1003 312 1046 quo
323 989 417 1046 primum
431 988 564 1031 versiculum
578 988 684 1032 didicerat
697 991 738 1032 iter

36 1062 128 1117 suscepit
143 1074 256 1116 senexque
271 1059 302 1101 1111
318 1058 373 1101 dixit
387 1075 392 1101 :
406 1059 483 1114 Pamo,
500 1074 539 1101 cur
553 1066 575 1102 te
589 1075 633 1102 non
645 1059 738 1102 viderim

35 1129 163 1188 hucusque?
185 1129 245 1172 1111111
262 1122 371 1186 psalmum
385 1143 429 1171 non
448 1128 558 1171 didicisti?
573 1155 603 1160 -
617 1129 738 1186 Respondit

35 1203 110 1244 Pamo:
118 1199 193 1253 Quimi
200 1201 294 1256 primum
302 1199 435 1241 vcrsiculmn
444 1213 488 1241 non
497 1199 617 1256 didicerim,
626 1199 655 1242 ad
662 1206 684 1242 te
695 1215 738 1242 non

35 1287 82 1314 sum
88 1284 200 1327 regressus
207 1275 232 1312 ut
238 1268 361 1312 secundum
367 1268 511 1325 addiscerem,
517 1285 569 1312 nam
574 1269 688 1327 hucusque
694 1285 737 1312 non

36 1340 133 1383 concedit
142 1340 196 1382 mihi
205 1339 268 1382 Deus
278 1339 339 1382 11111111
350 1338 441 1394 discere
453 1344 474 1382 et
484 1354 512 1382 ne
522 1345 551 1395 te,
561 1345 631 1396 pater,
645 1345 739 1382 contem-

36 1425 86 1452 nere
99 1409 187 1452 riderer
200 1409 230 1452 ad
242 1415 264 1452 te
277 1424 322 1452 non
334 1409 394 1464 veni3
410 1423 477 1465 qirum
490 1414 564 1452 autem
576 1409 636 1452 hunc
645 1411 740 1466 piimrnn

37 1480 137 1535 didicero,
149 1479 178 1522 ad
187 1486 209 1522 te
219 1480 308 1522 veniam
317 1494 398 1522 rursus.
409 1479 439 1521 Et
449 1493 517 1536 qutun
529 1480 552 1522 in
563 1479 641 1522 celiam
652 1479 740 1522 abiisset

38 1548 113 1591 decem
120 1549 172 1592 alios
181 1550 248 1592 annos
257 1550 397 1606 consumpsit
407 1548 518 1594 110011111111
528 1549 602 1592 adivit.
614 1550 666 1592 Fuit
675 1550 741 1605 igitur

37 1620 59 1660 in
68 1619 109 1660 hoc
119 1626 192 1662 monte
202 1619 272 1662 abbas
285 1620 353 1662 Pamo
364 1620 402 1675 qui
415 1618 518 1662 abbatem
527 1619 659 1668 Dioscorum
669 1619 742 1661 docuit

39 1690 168 1745 episcopum,
174 1703 216 1731 nec
221 1688 374 1731 nonabbatem
379 1688 517 1744 Annonem,
524 1688 628 1731 abbatem
633 1688 647 1731 J
649 1703 742 1731 oannem

38 1756 121 1800 abbatis
129 1758 244 1802 Dracontii
254 1760 350 1815 episcopi
360 1760 383 1800 in
393 1759 442 1801 vico
450 1758 498 1801 Hor
506 1764 613 1815 nepotem.
625 1759 668 1801 Hic
676 1759 742 1815 igitrn·

39 1825 96 1868 abba
108 1827 226 1870 Pamo-vir
240 1827 331 1884 ‘quidem
345 1834 391 1870 erat
407 1829 444 1883 qui
459 1827 625 1870 admirationem
637 1834 742 1883 moueret,

39 1910 89 1937 nam
100 1896 156 1938 iliius
169 1898 260 1939 virtutes
275 1912 301 1940 ac
314 1897 412 1939 instituta
424 1898 522 1939 maxima
537 1903 587 1939 sunt
598 1913 603 1939 :
614 1897 656 1939 hoc
670 1902 744 1939 atatem

39 1965 132 2007 maxime
143 1965 255 2008 mirandus
265 1965 306 2008 fuit
316 1965 375 2021 quod
385 1981 464 2008 aurum
476 1972 636 2022 argentinnque
647 1965 744 2021 despice-

40 2038 78 2088 ret,
89 2034 144 2077 sicut
154 2036 259 2092 scripum
270 2041 308 2078 est.
319 2035 375 2078 Haec
385 2035 439 2078 mihi
449 2035 560 2093 quondam
568 2034 596 2077 de
603 2035 639 2078 1110
648 2036 745 2078 narravit

40 2100 103 2145 beata
110 2104 206 2148 Melania
215 2122 220 2148 :
230 2105 304 2159 Qurun
311 2107 406 2163 primum
411 2105 572 2149 Aiexandriam
578 2106 649 2149 Roma
656 2107 745 2149 ivissem

40 2173 91 2215 1111111
101 2178 211 2219 enarravit
221 2176 290 2219 abbas
298 2177 395 2219 Isidorus
405 2178 523 2234 presbyter
533 2177 619 2220 abbatis
627 2177 695 2220 Pamo
703 2178 746 2220 vir-

41 2246 95 2286 tutes
105 2260 109 2286 :
119 2260 159 2302 ego
169 2261 223 2289 vero
233 2246 294 2290 illum
304 2248 358 2291 meis
369 2246 472 2305 precibus
480 2253 596 2304 prosecuta
607 2262 655 2290 snm
662 2253 686 2290 ut
693 2247 746 2290 mihi

41 2313 99 2356 riam
110 2315 269 2361 demonstraret
279 2317 308 2361 ad
319 2317 431 2362 desertum
439 2318 556 2376 lociunque
565 2333 630 2375 quem
637 2318 747 2361 incolebat

42 2381 109 2428 abbas
114 2386 189 2444 Pamo,
198 2394 222 2431 ut
227 2388 287 2447 11111111
292 2387 397 2432 viderem.
409 2388 483 2442 Quum
489 2388 518 2432 ad
526 2395 622 2432 montem
629 2404 664 2432 me
674 2388 747 2431 duxis-

43 2460 83 2511 set,
97 2456 157 2501 ilhnn
166 2467 256 2516 precata
267 2475 316 2503 sum
326 2475 405 2517 meque
418 2462 442 2504 in
455 2460 511 2504 illius
525 2460 611 2504 abbatis
624 2459 697 2503 locum
712 2459 747 2503 de-

4 2579 5 2582 *
45 2521 111 2569 duxit.
124 2527 198 2582 Quum
208 2530 238 2573 ad
245 2531 301 2574 iliius
309 2530 378 2588 pedes
386 2547 422 2574 me
431 2531 578 2575 obvolvissem
585 2530 689 2589 iliumque
698 2530 748 2574 ado-

74 2681 89 2712 1.
102 2680 167 2718 Ρο1111η.
180 2685 283 2729 XXXVIII,
297 2688 312 2719 l.
