1818 3169
149 312 178 355 48
405 318 492 351 nrs‘ronn
501 323 599 351 mosmos.

150 419 227 461 messis
238 405 334 474 tempore
338 451 344 472 ,
358 418 461 460 mercede
471 433 576 461 manumn
590 417 756 475 cenquirebant,
770 422 856 473 partem

150 489 264 545 plmimam
269 487 298 530 ad
304 487 453 544 supradictmn
458 494 543 544 patrem
549 488 770 531 conferentesinusus
775 501 855 543 paupe-

150 574 199 600 rum
208 557 359 616 destinabant,¹
370 558 445 614 sicque
454 558 600 615 indigentibus
608 573 652 601 non
660 558 724 614 hujus
732 563 816 600 tantum
823 572 847 599 rc

150 629 218 684 gionis
227 626 267 670 sed
275 626 442 670 ctAlexantbiae
451 627 632 684 opitulabantur.»
639 628 783 671 Invenirmtur
791 628 856 670 etiam

124 719 126 722 >
150 699 173 739 in
182 696 308 753 regionibus
319 697 447 753 Mempheos
458 696 623 754 Babylonisque
633 699 752 740 innumerae
762 697 856 740 multitu-

152 766 392 809 dinesmonacliorum.3
400 766 452 809 Post
460 766 507 808 hac
516 766 617 824 quaedam
623 766 650 809 de
656 766 856 824 Appoloniomona-

152 837 192 878 0110
204 843 225 879 et
234 843 331 894 martpue
342 836 421 879 tradita
431 842 506 879 narrat
515 837 619 879 Rufinus³
629 843 805 893 postremumque
813 852 857 879 me-

150 913 221 949 morat
236 907 368 949 Dioscurmn
382 906 537 963 presbyterum
553 921 618 964 quem
633 908 656 948 in
671 905 787 949 Theba-'ide
802 905 857 948 vidit

151 975 269 1019 habentem
282 978 305 1018 in
318 991 356 1019 suo
369 977 499 1019 monasterio
513 982 601 1019 centum
609 975 661 1018 ,1010
674 975 810 1031 111011001101,4
820 975 857 1018 ab·
894 1021 896 1025 f

151 1045 263 1102 solutoque
274 1047 350 1089 itinere
363 1045 392 1089 ad
405 1047 522 1089 monachos
537 1047 560 1088 in
569 1046 640 1089 Nitria
653 1052 812 1089 commorantes
823 1061 856 1088 ac-

153 1114 228 1158 coditi

181 1185 218 1226 Ex
231 1184 264 1227 his
279 1185 331 1242 quid
346 1180 507 1242 colligendrun?
524 1185 700 1242 Gcographicam
712 1185 806 1242 AEgppti
822 1184 857 1227 dc-

152 1255 290 1311 scriptionem
302 1254 369 1297 adeas
379 1269 509 1311 persuasum
521 1254 620 1310 habebis,
632 1260 656 1297 ut
663 1255 711 1312 jam
722 1269 788 1311 supra
803 1253 857 1309 dixi,

152 1324 256 1366 Rufinum
266 1325 296 1366 ita
310 1338 373 1366 suum
383 1325 424 1367 iter
434 1339 534 1367 narrasse
545 1330 569 1367 ut
579 1324 607 1367 ab
619 1323 674 1367 mbe
686 1339 751 1381 quam
759 1323 859 1366 ultimam

152 1385 269 1436 lileridiem
278 1408 355 1436 versus
365 1395 444 1450 invisit,
455 1394 561 1451 inciperet
572 1409 641 1451 eoque
648 1393 713 1438 modo
724 1395 817 1451 vestigia
826 1409 858 1436 re-

153 1463 232 1519 legisse
238 1463 406 1520 donecNitriam
413 1465 543 1519 perveniret.
550 1464 631 1508 Utrum
638 1479 691 1507 vero
700 1479 787 1520 semper
792 1463 859 1506 urbes

150 1533 216 1590 jrmta
224 1532 322 1576 ordinem
330 1533 501 1590 geograpliicum
509 1533 644 1591 disposuerit,
653 1549 682 1576 an
688 1548 773 1590 non,ex
782 1532 860 1577 eadem

154 1602 298 1659 descriptione
306 1602 424 1660 judicabis,
435 1619 487 1647 nam
495 1619 507 1646 0
514 1603 622 1660 Lycopoli
630 1603 745 1647 discedens
753 1603 871 1661 Oxyrrin-'

154 1672 220 1713 chum
232 1678 338 1714 memorat
352 1678 402 1714 ante
412 1672 571 1728 Hermopolim,
586 1687 653 1729 quum
664 1671 817 1730 Oxyrrinchus
831 1671 860 1715 ad
885 1677 888 1681 '

154 1741 327 1799 Septentrionem
334 1743 433 1800 vergenti
441 1748 541 1786 occrnrat
548 1748 597 1800 post
605 1743 755 1800 Hermopolim
763 1741 860 1786 Antinoi-

155 1828 197 1869 que
212 1813 296 1856 mbem.
314 1813 382 1870 Cujus
398 1813 458 1856 rubis
474 1814 583 1856 mentione
596 1813 655 1856 facta
668 1814 746 1856 montis
759 1811 825 1855 &coel
841 1812 861 1855 cl

155 1882 229 1924 Arrabo
239 1898 304 1939 quam
312 1884 410 1940 apprime
419 1884 483 1926 sitrun
491 1889 513 1925 et
519 1888 619 1926 natmam
628 1882 737 1938 describit,
744 1888 861 1940 antequam

155 1951 331 2008 Heracleopolim
336 1951 518 2009 Arseno'r'temque
525 1967 620 2007 nomum,
626 1952 649 1994 id
655 1959 687 1995 est
692 1953 803 2009 regionem
813 1965 861 2008 qua

156 2036 214 2063 nunc
229 2021 307 2064 dicitur
319 2020 428 2079 Fopoana,
442 2037 481 2064 seu
496 2023 629 2065 notissimam
642 2021 701 2064 illam
714 2022 826 2079 regionem
838 2023 862 2064 in

157 2107 200 2149 qua
209 2090 362 2150 Oxyrrinchus
371 2093 446 2135 ciuitas
453 2092 534 2135 indicit.
543 2091 599 2135 Inde
606 2094 659 2150 petit
666 2094 736 2135 viator
740 2091 862 2149 Memphim

157 2167 178 2205 et
188 2161 333 2220 Babylonem,
344 2168 507 2220 postremoque,
517 2163 594 2206 itinere
605 2162 711 2220 confecto,
722 2160 862 2221 Scythiacam

156 2234 273 2290 regionem.

187 2303 225 2346 Sin
235 2310 309 2347 autem
320 2300 397 2347 codem
407 2303 471 2347 modo
482 2305 523 2347 iter
531 2320 545 2347 a
552 2303 651 2347 Palladio
663 2304 787 2347 confectum
794 2304 862 2361 inqui-

157 2375 192 2429 ris,
204 2373 264 2417 illum
275 2373 376 2418 eamdem
386 2376 445 2418 viam
456 2376 542 2418 omnino
553 2390 596 2418 non
610 2376 743 2432 percmrisse
757 2376 861 2418 invenies.

158 2444 268 2487 Palladius
282 2447 340 2489 enim
353 2446 400 2503 ipse
411 2459 459 2502 quae
471 2445 498 2488 de
508 2446 607 2504 AEgypto
622 2446 733 2503 superiore
747 2445 830 2501 scribit,
845 2446 863 2487 si

159 2516 230 2571 capita
239 2514 266 2557 de
275 2515 353 2573 quibus
361 2517 409 2574 jam
418 2515 509 2559 disserui
519 2516 645 2574 dempseris,
657 2516 685 2559 ab
694 2516 748 2559 urbe
756 2514 863 2573 Lycopoli

189 2610 203 2642 1.
217 2609 263 2642 Hist.
275 2610 352 2643 azoizocb.
362 2611 433 2653 XVIII.
446 2630 468 2635 —-
481 2613 497 2644 2.
511 2611 556 2645 Ibid.
569 2611 636 2645 XVIII.
650 2629 673 2634 -
685 2611 702 2644 3.
716 2610 761 2644 Ihid.
777 2610 827 2643 XIX.
842 2629 862 2634 —

158 2669 174 2700 4,
189 2667 319 2701 10111111-
332 2669 348 2701 5.
361 2668 406 2702 Iota
419 2669 468 2703 XXI.
